1837 3029
874 209 1125 255 CICERO

964 339 1033 385 IV

661 483 718 515 M.
744 485 918 515 ‹ffel-:no
943 485 980 514 S.
1010 486 1055 515 1).
1083 485 1125 521 Q.
1153 484 1338 516 FRATRI

774 597 956 644 Romae,
979 611 1109 638 A.u.c..
1134 600 1229 638 700.

207 716 224 756 1
317 711 561 759 Gabinius
593 711 854 760 absolutus
886 721 980 760 est.
1049 712 1270 760 Omnino
1301 711 1424 760 nihil
1453 719 1745 760 accusatore

254 798 473 845 Lentulo
507 801 1033 864 subscriptoribusque
1068 804 1174 848 eius
1208 800 1472 857 infantius,
1506 800 1629 847 nihil
1659 800 1744 848 illo

251 887 455 933 consilio
489 888 753 935 sordidius.
820 888 922 935 Sed
956 896 1131 935 tamen
1166 892 1258 935 nisi
1291 888 1597 936 incredibilis
1627 904 1743 935 con-

252 978 416 1021 tentio
465 983 519 1022 et
563 993 740 1039 preces
782 976 1012 1040 Pompei,
1051 977 1338 1024 dictaturae
1378 980 1536 1024 etiam
1573 993 1743 1024 rumor

250 1062 429 1124 plenus
454 1067 646 1111 timoris
672 1063 869 1121 fuisset,
892 1068 987 1127 ipsi
1014 1064 1233 1112 Lentulo
1257 1082 1359 1112 non
1381 1065 1741 1128 respondisset,

250 1153 335 1213 qui
366 1158 541 1198 tamen
569 1151 654 1199 illo
685 1160 995 1210 accusatore,
1023 1153 1210 1216 illoque
1240 1153 1444 1200 consilio
1473 1156 1740 1200 sententiis

248 1239 615 1287 condemnatus
657 1244 723 1287 sit
758 1258 931 1297 xxxu„
979 1259 1091 1288 cum
1140 1257 1248 1288 Lxx.
1290 1241 1543 1288 tulissent.
1597 1302 1599 1305 ι
1647 1241 1739 1288 Est

247 1330 450 1374 omnino
487 1335 595 1375 tam
632 1333 773 1392 gravi
809 1328 946 1375 fama
983 1329 1077 1376 hoc
1114 1330 1372 1385 iudicium,
1410 1337 1468 1377 ut
1505 1330 1738 1376 videatur

243 1414 448 1478 reliquis
473 1417 667 1463 iudiciis
692 1421 964 1480 periturus,
992 1425 1045 1464 et
1072 1421 1291 1464 maxime
1319 1418 1382 1464 de
1409 1421 1635 1480 pecuniis
1660 1434 1737 1464 re-

243 1504 499 1564 petundis.
567 1504 668 1552 Sed
729 1506 868 1553 vides
930 1505 1119 1552 nullam
1183 1522 1292 1552 esse
1354 1505 1736 1569 rempublicam,

245 1591 438 1637 nullum
455 1600 711 1649 senatum,
729 1593 866 1640 nulla
884 1594 1086 1650 iudicia,
1107 1594 1296 1641 nullam
1314 1597 1367 1640 in
1387 1593 1488 1641 ullo
1507 1600 1735 1641 nostrum

243 1679 565 1742 dignitatem.
634 1681 770 1739 Quid
804 1682 950 1744 plura
984 1682 1048 1729 de
1082 1682 1372 1729 iudicibus?
1441 1682 1558 1729 Duo
1591 1698 1736 1745 prae-

244 1771 358 1813 torii
374 1769 634 1825 sederunt,
652 1770 906 1816 Domitius
927 1769 1286 1826 Calvinus,—-is
1306 1776 1483 1832 aperte
1504 1769 1734 1826 absolvit,

246 1862 303 1902 ut
347 1873 523 1903 omnes
559 1858 809 1914 viderent,
846 1865 900 1905 et
947 1857 1217 1914 Cato,—-is,
1253 1859 1468 1905 diribitis
1515 1857 1733 1914 tabellis,

246 1943 309 1989 de
334 1944 516 1991 circulo
541 1961 593 1991 se
619 1946 864 1992 subduxit
888 1953 943 1992 et
972 1946 1212 2008 Pompeio
1245 1949 1435 2008 primus
1463 1948 1733 1992 nuntiavit.

195 2038 219 2075 2
244 2032 402 2078 Aiunt
442 2033 685 2089 nonnulli,
723 2033 987 2080 Sallustius
1026 2037 1170 2090 item,
1209 2050 1291 2080 me
1331 2036 1613 2097 oportuisse
1654 2049 1733 2081 ac-

243 2136 433 2167 cusare.
504 2121 569 2168 Iis
638 2138 733 2186 ego
800 2123 1047 2169 iudicibus
1114 2122 1530 2170 committerem?
1598 2121 1734 2180 Quid

243 2224 424 2264 essem,
463 2212 502 2255 si
541 2226 622 2255 me
663 2218 850 2273 agente
891 2218 1027 2257 esset
1066 2210 1306 2273 elapsus?
1373 2209 1475 2258 Sed
1512 2225 1595 2257 me
1635 2208 1733 2256 alia

243 2304 524 2343 moverunt.
595 2297 706 2344 Non
753 2306 985 2360 putasset
1032 2299 1124 2345 sibi
1173 2298 1442 2360 Pompeius
1489 2298 1553 2345 de
1600 2297 1730 2344 illius

306 2439 323 2457 ⁰
355 2433 433 2473 Cn.
465 2434 710 2481 Sallustius,
740 2440 785 2475 to
815 2436 957 2475 whom
988 2436 1138 2476 Cicero
1167 2435 1401 2475 addresscd
1434 2435 1555 2475 Fam.
1585 2435 1629 2475 ii.
1664 2436 1726 2474 17.

250 2487 317 2527 Ile
340 2501 428 2527 was
450 2493 654 2539 quaestor
679 2494 721 2528 to
747 2490 929 2530 Bibulus
953 2492 994 2530 in
1019 2490 1178 2542 Syria;
1219 2490 1367 2530 Cicero
1391 2502 1530 2529 seems
1550 2492 1596 2529 to
1618 2488 1729 2528 have

248 2542 436 2593 thought
459 2542 610 2594 highly
633 2543 682 2582 of
700 2544 802 2583 him.

250 2610 344 2653 582
