1837 3029
196 832 214 871 1

210 1559 221 1578 )

199 1584 219 1595 ⁶-

849 166 1098 213 CICERO

942 345 1013 393 IV

418 505 623 538 TULLicS
661 504 722 534 ΕΤ
757 503 931 534 CICERO
969 502 1027 531 ET
1063 502 1105 537 Q.
1146 502 1222 531 fn.
1261 501 1321 531 ΕΤ
1355 501 1400 538 Q.
1437 500 1531 532 Fu„

747 571 786 600 S.
825 570 869 600 P.
910 569 954 599 D.
991 568 1164 598 'rmoxl
1200 568 1238 598 S.

741 692 958 738 Leucade,
980 706 1111 732 minc.
1134 695 1229 731 7o4.

305 824 452 869 Varie
471 839 578 868 sum
600 820 808 866 affectus
827 821 926 865 tuis
944 818 1126 864 litteris
1145 834 1155 872 3
1194 817 1336 864 valde
1354 821 1516 880 priore
1542 822 1724 882 pagina

243 904 586 966 perturbatus,
615 899 838 963 paullum
871 898 1030 945 altera
1060 905 1331 945 recreatus.
1396 900 1564 957 Quare
1596 916 1726 945 nunc

243 985 447 1047 quidem
491 999 589 1028 non
632 982 827 1031 dubito,
869 983 1007 1041 quin,
1050 979 1217 1041 quoad
1258 977 1406 1040 plane
1450 979 1634 1035 valeas,
1674 986 1726 1025 tc

245 1081 409 1127 neque
446 1065 754 1125 navigationi
790 1077 955 1122 neque
994 1063 1101 1105 viae
1137 1063 1440 1106 committas.
1509 1059 1641 1106 Satis
1676 1067 1728 1106 te

246 1152 442 1191 mature
486 1143 673 1197 videro,
717 1145 755 1187 si
799 1140 947 1203 plane
991 1140 1342 1186 confirmatum
1386 1140 1571 1187 videro.
1649 1141 1728 1186 De

246 1226 440 1272 medico
461 1231 513 1270 et
537 1230 593 1270 tu
618 1223 749 1268 bene
770 1224 1046 1267 existimari
1071 1221 1258 1275 scribis,
1280 1228 1332 1267 et
1357 1237 1452 1283 ego
1476 1223 1544 1267 sic
1564 1221 1726 1268 audio.

246 1305 345 1352 Sed
370 1304 518 1367 plane
543 1305 828 1349 curationes
854 1304 960 1348 eius
985 1317 1085 1347 non
1110 1301 1281 1363 probo.
1342 1301 1426 1347 Ius
1451 1304 1584 1347 enim
1610 1302 1730 1349 dan-

247 1386 366 1433 dum
409 1385 499 1430 tibi
549 1400 648 1430 non
689 1382 803 1437 fuit,
845 1398 958 1427 cum
1003 1381 1371 1443 κακοστόμαχος
1418 1397 1587 1436 esses;
1642 1382 1730 1428 sed

247 1474 420 1513 tamen
452 1472 505 1511 et
536 1464 599 1511 ad
629 1463 767 1509 illum
799 1464 969 1524 scripsi
1001 1469 1252 1516 accurate,
1284 1468 1337 1508 et
1367 1461 1431 1508 ad
1463 1461 1729 1526 Lysonem.

199 1564 206 1573 ·
251 1547 328 1594 Ad
367 1546 571 1592 Curium
611 1561 745 1599 vero,
783 1545 1130 1589 suavissimum
1169 1541 1423 1588 hominem
1463 1549 1516 1589 et
1552 1547 1731 1590 summi

246 1627 372 1673 offici
404 1641 735 1687 summaeque
766 1623 1115 1678 humanitatis,
1146 1622 1307 1669 multa
1338 1626 1543 1685 scripsi3
1577 1626 1628 1670 in
1658 1623 1733 1670 his

249 1710 422 1762 etiam,
443 1713 517 1761 ut,
537 1708 576 1751 si
596 1706 688 1752 tibi
710 1705 983 1758 videretur,
1003 1711 1056 1749 te
1078 1703 1141 1750 ad
1161 1719 1214 1749 se
1234 1702 1548 1750 transferret.
1601 1704 1734 1768 Lyso

251 1791 383 1834 enim
422 1793 609 1840 noster,
635 1801 826 1839 vereor,
864 1801 927 1831 ne
961 1783 1313 1847 neglegentior
1348 1787 1448 1839 sit;
1501 1788 1735 1846 primum,

251 1871 367 1931 quia
393 1883 566 1913 omnes
593 1866 772 1911 Graeci
797 1880 808 1920 3
849 1865 1052 1919 deinde,
1072 1865 1224 1927 quod,
1243 1881 1356 1910 cum
1383 1881 1410 1910 a
1435 1881 1517 1911 me
1541 1864 1735 1913 litteras

251 1951 544 2009 accepisset,
572 1945 692 1992 mihi
722 1944 881 1992 nullas
910 1947 1117 1991 remisit.
1183 1943 1283 1991 Sed
1313 1961 1427 1990 eum
1457 1952 1514 1991 tu
1546 1944 1734 1994 laudas.

252 2029 325 2075 Tu
362 2031 532 2091 igitur,
567 2027 687 2089 quid
723 2025 1010 2073 faciendum
1044 2028 1128 2080 sit,
1162 2026 1418 2072 iudicabis.
1488 2025 1636 2082 Illud,
1669 2031 1735 2074 mi

252 2110 383 2164 Tiro,
419 2116 472 2155 te
514 2125 654 2171 rogo,
689 2114 895 2169 sumptu
937 2122 1001 2153 ne
1041 2122 1215 2169 parcas
1258 2105 1357 2152 ulla
1398 2109 1450 2152 in
1490 2123 1562 2162 re,
1603 2110 1735 2170 quod

254 2190 317 2236 ad
345 2188 687 2235 valetudinem
724 2204 848 2250 opus
883 2189 964 2234 sit.
1033 2186 1213 2249 Scripsi
1249 2186 1314 2234 ad
1349 2185 1572 2242 Curium,
1603 2190 1736 2250 quod

579 2398 597 2416 ⁰
632 2393 711 2432 His
735 2406 862 2432 name
885 2406 972 2431 was
997 2391 1186 2442 Asclapo
1207 2392 1313 2438 (xiii.
1334 2391 1423 2439 ΩΟ).

283 2448 297 2472 ⁶
328 2448 420 2487 The
443 2447 558 2487 hotcl
580 2449 825 2498 proprietor
844 2451 890 2485 at
913 2446 1082 2485 Patrae.
1135 2446 1217 2485 See
1239 2449 1340 2485 note
1360 2458 1388 2484 a
1405 2458 1463 2485 on
1483 2446 1572 2485 xiii.
1595 2450 1657 2487 19.
1685 2451 1720 2489 1.

293 2507 306 2526 ⁶
345 2502 521 2541 Manius
536 2503 709 2545 Curius.
724 2515 749 2540 a
765 2499 1097 2552 money—lcndcr
1110 2504 1155 2539 at
1172 2499 1342 2540 Patrae.
1387 2498 1469 2541 See
1483 2500 1571 2541 xiii.
1591 2503 1654 2540 17.
1677 2506 1711 2542 l.

267 2572 359 2614 322
