1837 3029
826 151 1077 197 CICERO

210 301 306 347 ego
352 285 402 329 in
434 289 597 329 castra
635 298 678 327 a.
713 281 759 327 d.
798 296 885 326 vn.
934 279 1044 326 Kal.
1093 280 1353 342 Septemb.
1397 283 1528 336 veni,
1576 298 1686 328 cum

210 374 406 416 interea
446 367 782 429 superioribus
833 365 1010 411 diebus
1053 381 1114 410 ex
1156 365 1592 412 senatusconsulto
1637 374 1690 413 et

211 460 531 502 evocatorum
590 451 782 496 firmam
840 466 1063 503 manum,
1120 455 1174 495 et
1230 452 1514 512 equitatum
1570 468 1689 497 sane

210 540 466 592 idoneum,
484 543 534 582 ct
553 533 849 597 populorum
866 532 1135 579 liberorum
1152 549 1431 596 regumque
1447 537 1690 582 sociorum

210 623 395 672 auxilia
452 620 731 666 voluntaria
785 620 1219 679 comparavissem.
1296 617 1507 664 Interim
1561 636 1692 675 cum,

211 711 436 756 exercitu
471 705 702 758 lustrato,
732 706 829 748 iter
864 705 913 747 in
951 701 1173 747 Ciliciam
1202 700 1370 748 facere
1399 706 1692 766 coepissem,

210 809 286 840 111.
319 790 430 837 Kal.
458 789 718 851 Septemb.
745 786 920 849 legati,
948 802 977 831 a
1002 802 1123 849 rege
1151 786 1494 849 Commageno
1521 788 1584 834 ad
1610 805 1691 835 me

210 879 363 931 missi,
381 872 804 938 pertumultuose,
824 887 990 932 neque
1011 878 1184 916 tamen
1206 887 1304 916 non
1327 887 1461 926 vere,
1481 870 1692 920 Parthos

162 971 186 1008 4
210 966 260 1008 in
283 961 478 1024 Syriam
501 960 738 1004 transisse
763 958 1139 1001 nuntiaverunt.
1196 954 1309 1012 Quo
1333 955 1524 1011 audito,
1546 955 1694 1003 vehe-

211 1052 411 1093 menter
441 1059 549 1089 sum
583 1047 864 1087 commotus
897 1056 1009 1085 cum
1043 1039 1106 1085 de
1144 1037 1303 1101 Syria,
1339 1046 1449 1085 tum
1481 1040 1546 1086 de
1580 1057 1695 1088 mea

210 1131 480 1194 provincia,
497 1126 560 1173 de
579 1124 770 1187 reliqua
789 1124 1007 1186 denique
1027 1124 1162 1169 Asia.
1215 1123 1398 1185 Itaque
1417 1127 1694 1172 exercitum

210 1213 331 1261 mihi
350 1210 637 1259 ducendum
657 1225 746 1271 per
766 1207 1115 1269 Cappadociae
1135 1210 1394 1269 regionem
1415 1225 1545 1264 eam,
1564 1226 1694 1272 quae

211 1298 434 1345 Ciliciam
465 1297 762 1357 attingeret,
792 1295 982 1354 putavi.
1048 1291 1178 1337 Nam
1209 1294 1248 1337 si
1280 1308 1360 1338 me
1391 1295 1442 1338 in
1473 1292 1694 1340 Ciliciam

211 1383 542 1434 demisissem,
577 1377 799 1424 Ciliciam
836 1376 1040 1439 quidem
1076 1379 1235 1438 ipsam
1271 1383 1479 1438 propter
1512 1382 1695 1426 montis

214 1468 397 1515 Amani
444 1471 676 1510 naturam
723 1460 869 1507 facile
915 1463 1192 1507 tenuissem
1241 1460 1361 1522 (duo
1398 1468 1517 1508 sunt
1562 1466 1694 1509 enim

213 1552 379 1598 aditus
407 1553 458 1595 in
491 1547 713 1594 Ciliciam
749 1562 811 1591 ex
845 1544 1005 1608 Syria,
1037 1561 1249 1607 quorum
1283 1551 1499 1608 uterque
1533 1551 1697 1608 parvis

213 1635 472 1699 praesidiis
493 1638 701 1695 propter
723 1632 982 1692 angustias
1004 1628 1271 1675 intercludi
1294 1636 1483 1690 potest,
1506 1647 1598 1677 nec
1620 1639 1698 1678 est

213 1720 488 1784 quidquam
523 1715 693 1762 Cilicia
726 1721 901 1760 contra
934 1712 1129 1776 Syriam
1164 1712 1460 1775 munitius);
1494 1714 1584 1761 Sed
1615 1732 1697 1762 me

214 1803 532 1867 Cappadocia
568 1800 824 1854 movebat,
859 1813 990 1860 quae
1027 1803 1174 1859 patet
1210 1813 1239 1842 a
1274 1795 1418 1859 Syria
1451 1815 1698 1862 regesque

214 1889 372 1936 habet
397 1887 651 1939 finitimos,
676 1886 779 1945 qui,
805 1884 1002 1928 etiamsi
1027 1888 1145 1927 sunt
1170 1883 1313 1926 amici
1339 1881 1499 1937 nobis,
1526 1889 1699 1930 tamen

216 1979 393 2036 aperte
429 1968 626 2016 Parthis
660 1969 845 2013 inimici
881 1982 990 2012 esse
1025 1982 1124 2011 non
1159 1965 1365 2011 audent.
1434 1965 1616 2028 Itaque
1649 1971 1698 2013 in

216 2056 534 2120 Cappadocia
553 2060 782 2099 extrema
799 2068 897 2096 non
916 2049 1064 2112 longe
1084 2065 1112 2094 a
1127 2049 1292 2095 Tauro
1310 2049 1444 2111 apud
1460 2051 1698 2112 oppidum

216 2142 451 2205 Cybistra
475 2145 639 2184 castra
664 2135 778 2191 feci,
804 2142 862 2182 ut
888 2141 941 2181 et
966 2133 1186 2180 Ciliciam
1213 2140 1386 2180 tuerer
1411 2140 1481 2190 et,
1507 2134 1701 2197 Cappa—

217 2227 410 2273 dociam
436 2231 635 2276 tenens,
659 2237 787 2267 nova
812 2220 1135 2265 finitimorum
1161 2217 1363 2263 consilia
1386 2218 1698 2279 impedirem.

169 2319 194 2357 5
220 2310 424 2356 Interea
459 2311 509 2352 in
547 2305 639 2351 hoc
675 2311 820 2350 tauto
858 2310 998 2349 motu
1035 2309 1283 2363 tantaque
1321 2306 1700 2363 exspectatione

217 2394 421 2439 maximi
472 2389 589 2436 belli
640 2405 726 2434 rex
780 2388 1070 2441 Deiotarus,
1119 2387 1196 2431 cui
1248 2401 1347 2431 non
1396 2387 1502 2430 sine
1551 2402 1700 2433 causa

219 2477 487 2540 plurimum
523 2488 723 2535 semper
756 2478 809 2518 et
841 2487 955 2517 meo
989 2476 1043 2516 et
1073 2475 1163 2516 tuo
1197 2475 1251 2516 et
1281 2474 1488 2515 senatus
1519 2468 1699 2516 iudicio

226 2570 317 2612 248
