1837 3029
829 186 1079 232 CICERO

212 316 345 358 enim
368 328 463 375 ego
484 312 591 359 illas
613 313 765 359 Calvo
785 313 982 359 litteras
1002 316 1131 368 misi,
1152 330 1250 359 non
1271 312 1399 375 plus,
1419 329 1571 375 quam
1590 311 1697 368 has,

211 396 335 442 quas
373 397 505 425 nunc
542 379 684 442 legiS,
723 384 1016 425 existimans
1054 383 1293 426 exituras.
1365 380 1529 427 Aliter
1564 383 1696 426 enim

210 448 487 501 scribimus,
527 448 661 509 quod
702 463 786 493 eos
826 447 972 501 soloS,
1011 448 1193 509 quibus
1231 450 1498 502 mittimus,
1536 446 1698 502 aliter,

209 515 344 575 quod
385 513 570 559 multos
612 513 827 559 lecturos
867 521 1122 575 putamus.
1199 514 1398 560 Deinde
1439 517 1696 577 ingenium

210 584 315 626 eius
349 580 635 626 melioribus
661 580 819 626 extuli
846 580 1094 636 laudibus,
1124 597 1275 642 quam
1301 588 1357 626 tu
1383 581 1434 628 id
1469 597 1586 627 vere
1609 597 1696 643 po-

211 651 365 693 tuisse
384 647 488 692 fieri
505 655 670 709 putas.
710 647 950 703 Primum,
970 648 1106 710 quod
1121 648 1523 703 itaiudicabam3
1548 654 1695 694 acute

210 715 542 769 movebatur3
602 731 762 776 genus
805 715 1060 776 quoddam
1102 715 1446 777 sequebatur;
1505 718 1556 760 in
1597 731 1697 776 quo

210 781 390 826 iudicio
408 780 593 843 lapsuS‚
612 798 712 843 quo
731 781 951 836 valebat,
970 789 1143 827 tamen
1162 782 1545 844 assequebatur,
1562 781 1696 844 quod

208 848 461 909 probaret.
532 847 730 894 Multae
764 855 910 894 erant
943 856 996 894 et
1028 849 1320 894 reconditae
1353 848 1591 902 litterae3
1626 851 1697 893 vis

209 931 307 960 non
336 922 461 960 erat.
525 915 606 961 Ad
635 931 747 960 eam
776 919 930 978 igitur
957 915 1278 962 adhortabar.
1341 915 1400 961 In
1429 915 1698 961 excitando

207 989 380 1027 autem
408 989 462 1028 et
487 985 537 1027 in
565 983 792 1028 acuendo
818 982 1089 1044 plurimum
1116 982 1269 1038 valet,
1295 985 1335 1028 si
1360 981 1535 1029 laudes
1563 998 1697 1037 eum,

207 1064 358 1110 quern
391 1048 670 1095 cohortere.
739 1049 911 1096 Habes
943 1050 1008 1096 de
1041 1048 1194 1096 Calvo
1224 1049 1464 1096 iudicium
1497 1056 1551 1095 et
1581 1065 1698 1095 con-

205 1115 369 1161 silium
406 1116 922 1170 meum—consilium,
960 1117 1096 1178 quod
1133 1116 1367 1163 hortandi
1405 1132 1556 1162 causa
1592 1115 1697 1162 lau-

205 1183 318 1228 davi
343 1198 354 1237 ;
389 1183 646 1238 iudicium,
665 1184 800 1245 quod
818 1184 882 1230 de
901 1187 1104 1246 ingenio
1124 1187 1229 1230 eius
1248 1183 1394 1230 valde
1413 1186 1695 1229 existimavi

155 1256 181 1294 6
205 1250 351 1295 bene.
422 1249 690 1312 Reliquum
726 1258 821 1306 est,
857 1258 914 1297 ut
947 1258 1089 1297 tuam
1124 1249 1490 1312 profectionem
1524 1266 1694 1296 amore

203 1333 495 1378 prosequar,
535 1317 757 1363 reditum
798 1333 888 1379 spe
930 1325 1243 1379 exspectem,
1284 1318 1550 1364 absentem
1590 1333 1694 1363 me-

203 1387 361 1429 moria
381 1383 559 1439 colam,
581 1400 730 1430 omne
753 1385 1057 1430 desiderium
1080 1384 1263 1430 litteris
1284 1385 1547 1431 mittendis
1569 1387 1693 1430 acci-

201 1451 500 1513 piendisque
537 1450 738 1497 leniam.
807 1451 883 1497 Tu
921 1451 1069 1497 velim
1105 1459 1196 1498 tua
1230 1455 1281 1497 in
1317 1467 1399 1497 me
1436 1451 1604 1497 studia
1639 1458 1692 1496 et

200 1517 360 1563 officia
384 1517 600 1564 multum
627 1525 797 1564 tecum
814 1519 1095 1574 recordere,
1113 1535 1243 1581 quae
1268 1535 1382 1564 cum
1408 1519 1499 1564 tibi
1524 1517 1691 1572 liceat,

202 1583 322 1630 mihi
353 1583 495 1630 nefas
526 1589 590 1631 sit
621 1585 860 1640 oblivisci,
890 1603 990 1631 non
1020 1587 1170 1632 modo
1201 1589 1360 1632 virum
1391 1586 1579 1632 bonum
1609 1601 1690 1630 me

201 1653 532 1706 existimabis,
565 1668 738 1698 verum
773 1656 928 1699 etiam
964 1660 1017 1699 te
1052 1670 1081 1698 a
1115 1669 1196 1699 me
1231 1656 1386 1699 amari
1420 1652 1689 1715 plurimum

201 1719 458 1765 iudicabis.
527 1719 666 1765 Vale.

261 1883 279 1901 ⁰
310 1878 358 1918 C.
393 1878 587 1917 Licinius
622 1877 773 1917 Macer
804 1878 979 1925 Calvus,
1011 1892 1037 1918 a
1067 1877 1390 1930 distinguished
1420 1883 1568 1919 orator
1597 1878 1685 1918 and

203 1936 317 1982 poet.
371 1931 452 1971 His
474 1936 587 1971 most
605 1933 780 1971 famous
800 1946 898 1972 case
919 1946 1007 1971 was
1021 1933 1115 1972 that
1131 1935 1306 1984 against
1327 1933 1546 1979 Vatinius,
1561 1933 1686 1972 when

202 1987 275 2024 the
290 1985 417 2025 latter
430 2000 518 2026 was
529 1985 746 2026 defended
765 1986 824 2037 by
838 1986 990 2026 Cicero
1003 1989 1045 2026 in
1063 1991 1130 2027 54.
1185 1987 1346 2027 Calvus
1358 2000 1446 2027 was
1463 1987 1565 2027 then
1582 1986 1687 2038 only

200 2043 252 2078 227
284 2052 410 2090 years
439 2041 489 2079 of
512 2053 609 2092 age.
670 2040 751 2079 llis
780 2054 932 2092 poenis
961 2055 1072 2081 were
1099 2040 1266 2081 classed
1299 2041 1358 2092 by
1388 2041 1461 2081 the
1489 2043 1686 2081 ancients

202 2094 303 2133 with
339 2094 462 2134 those
495 2095 546 2133 of
574 2093 787 2134 Catullus.
852 2094 921 2134 He
955 2108 1043 2134 was
1075 2108 1124 2135 so
1157 2095 1279 2135 short
1312 2097 1354 2134 in
1393 2098 1558 2135 stature
1590 2094 1686 2135 that

200 2146 399 2187 Catullus
445 2147 539 2196 (liii.
582 2149 626 2199 5)
662 2160 765 2199 says
812 2148 866 2188 he
914 2148 1046 2188 heard
1085 2148 1175 2188 him
1221 2147 1360 2189 called
1402 2148 1685 2200 Salaputium

200 2201 426 2247 disertum,
474 2202 588 2242 “the
627 2201 834 2253 eloquent
872 2201 982 2242 Tom
1023 2203 1247 2242 Thumb.''
1310 2202 1471 2242 Calvus
1511 2203 1689 2242 himself

200 2254 286 2294 had
319 2268 374 2294 no
402 2255 508 2306 high
537 2257 718 2306 opinion
740 2256 790 2295 of
814 2256 981 2302 Cicero,
1005 2256 1148 2296 whom
1176 2257 1228 2296 he
1249 2256 1439 2309 thought
1457 2257 1626 2296 solutus
1644 2261 1682 2296 et

199 2310 381 2355 enervis,
417 2310 441 2324 ‘⁶
461 2309 619 2361 sloppy
657 2309 745 2349 and
785 2309 982 2361 flabby‚’'
1006 2310 1098 2362 just
1127 2323 1175 2350 as
1206 2312 1358 2351 Cicero
1383 2323 1487 2362 says
1512 2311 1563 2351 of
1591 2310 1681 2350 him

200 2362 301 2402 here
320 2362 417 2402 that
439 2364 463 2378 ‘⁸
485 2363 538 2403 he
560 2363 717 2403 lacked
738 2364 902 2404 force.”

259 2416 275 2439 ⁶
308 2415 324 2455 1
351 2416 462 2456 have
483 2417 675 2468 adopted
703 2418 776 2458 l)r.
801 2418 844 2458 J.
870 2417 915 2458 S.
943 2416 1092 2457 Reid's
1114 2417 1357 2457 admirable
1382 2416 1615 2469 rendering
1635 2418 1684 2458 of

198 2475 319 2509 acute
342 2471 600 2513 movebatur.

202 2600 296 2640 314
