1837 3029
860 162 1112 210 chERo

853 290 906 338 11
942 291 1031 355 (11.
1069 292 1119 353 3)

584 435 638 467 M.
677 435 868 467 BRUTUS
903 435 941 467 S.
979 436 1026 467 D.
1064 436 1119 467 M.
1157 436 1387 468 CICERONI

721 527 999 578 Dyrrhachii,
1022 541 1153 569 A.U.c.
1177 531 1254 569 711

189 623 210 666 1
304 619 524 666 Litteras
558 626 673 666 tuas
709 619 854 667 valde
891 627 1150 682 exspecto,
1187 638 1310 683 quas
1345 623 1584 684 scripsisti
1619 628 1734 683 post

239 690 439 734 nuntios
486 694 770 734 nostrarum
815 704 1000 742 rerum,
1047 695 1101 734 et
1145 688 1208 734 de
1254 695 1417 735 morte
1463 688 1733 735 Trebonii:

237 770 338 800 non
366 757 499 800 enim
528 755 705 801 dubito
735 758 856 817 quin
883 755 1005 801 mihi
1032 755 1292 802 consilium
1321 763 1467 802 tuum
1496 756 1731 818 explices·

240 820 453 885 Indigno
483 822 670 868 scelere
703 829 756 868 et
784 825 945 869 civem
975 826 1225 885 optimum
1254 826 1509 870 amisimus
1540 830 1594 870 et
1622 840 1734 886 pro-

238 891 428 936 vinciae
472 892 784 951 possessione
829 889 958 952 pulsi
1010 907 1199 946 sumus,
1244 907 1397 953 quam
1448 893 1733 953 recuperari

237 954 382 1003 facile
419 964 531 1003 est:
585 973 751 1020 neque
787 960 950 1003 minus
987 965 1135 1019 turpe
1172 965 1261 1004 aut
1296 957 1602 1021 flagitiosum
1638 960 1734 1004 erit

186 1029 211 1069 2
236 1030 351 1085 post
380 1027 680 1086 recuperari.
751 1025 1002 1071 Antonius
1034 1024 1197 1071 adhuc
1228 1032 1307 1072 est
1336 1026 1613 1080 nobiscum,
1644 1024 1734 1072 sed

236 1107 318 1137 me
349 1091 458 1138 dius
492 1091 636 1138 fidius
668 1099 722 1138 et
752 1109 954 1139 moveor
986 1092 1198 1139 hominis
1230 1094 1460 1154 precibus
1493 1100 1546 1139 et
1576 1096 1733 1139 timeo

237 1174 300 1205 ne
345 1158 484 1205 illum
527 1159 809 1222 aliquorum
851 1158 988 1206 furor
1033 1163 1266 1222 excipiat.
1339 1160 1492 1206 Plane
1538 1167 1731 1207 aestuo.

237 1224 386 1283 Quod
415 1228 455 1273 si
483 1230 661 1272 scirem
696 1227 817 1289 quid
853 1228 946 1273 tibi
983 1227 1224 1289 placeret,
1254 1230 1360 1273 sine
1398 1227 1733 1274 sollicitudine

237 1308 415 1339 essem.
486 1293 546 1340 Id
598 1297 733 1340 enim
785 1297 1035 1356 optimum
1088 1311 1196 1341 esse
1249 1311 1545 1357 persuasum
1597 1300 1733 1341 esset

236 1359 372 1406 mihi.
442 1360 556 1419 Qua
584 1377 639 1408 re
668 1378 821 1424 quam
850 1365 1068 1424 primum
1096 1361 1175 1408 fac
1204 1378 1285 1408 me
1315 1365 1581 1409 certiorem
1611 1361 1733 1424 quid

184 1434 210 1475 3
236 1428 329 1474 tibi
358 1427 572 1490 placeat.
643 1428 840 1475 Cassius
871 1436 1042 1476 noster
1072 1428 1284 1492 Syriam,
1314 1429 1538 1493 legiones
1568 1429 1732 1492 Syria-

235 1511 317 1542 cas
353 1494 529 1551 habet,
566 1495 696 1543 ultro
737 1496 943 1559 quidem
985 1513 1015 1543 a
1059 1497 1237 1543 Murco
1281 1504 1334 1543 et
1373 1514 1402 1542 a
1443 1497 1635 1543 Marcio
1678 1503 1732 1543 et

236 1563 301 1609 ab
326 1566 553 1610 exercitu
581 1567 690 1626 ipso
719 1567 1000 1611 arcessitus.
1071 1564 1181 1627 Ego
1211 1567 1382 1626 scripsi
1412 1564 1477 1611 ad
1504 1564 1730 1611 Tertiam

235 1646 456 1678 sororem
503 1637 556 1677 et
602 1638 836 1687 matrem,
883 1648 947 1678 ne
994 1635 1129 1694 prius
1178 1632 1391 1678 ederent
1437 1631 1548 1688 hoc,
1596 1631 1731 1694 quod

236 1700 426 1759 optime
457 1714 514 1744 ac
542 1697 827 1745 felicissime
857 1702 1014 1762 gessit
1045 1699 1260 1753 Cassius,
1291 1716 1442 1762 quam
1472 1716 1586 1745 cum
1615 1716 1730 1746 con-

182 1771 209 1810 4
236 1765 399 1811 silium
431 1769 784 1829 cognovissent
817 1767 1012 1829 tibique
1047 1770 1207 1813 visum
1242 1774 1391 1813 esset.
1464 1766 1590 1830 Legi
1623 1783 1730 1814 ora-

235 1834 398 1879 tiones
434 1832 557 1879 duas
594 1840 725 1888 tuas,
762 1850 975 1896 quarum
1011 1833 1171 1880 altera
1210 1834 1320 1880 Kal.
1360 1833 1466 1880 Ian.
1504 1850 1621 1881 usus
1658 1851 1729 1889 es,

236 1899 396 1946 altera
422 1899 486 1947 de
513 1900 693 1947 litteris
721 1904 863 1956 meis,
892 1918 1022 1964 quae
1049 1901 1225 1948 habita
1253 1908 1331 1948 est
1358 1902 1446 1948 abs
1474 1908 1527 1948 te
1554 1908 1730 1948 contra

296 2095 316 2115 ⁰
346 2089 394 2132 C.
425 2090 684 2138 Trebonius,
716 2105 799 2132 one
829 2093 880 2132 of
905 2091 1103 2133 Caesar's
1132 2093 1359 2138 assassins,
1391 2091 1478 2134 and
1509 2105 1724 2144 governor

240 2145 290 2184 of
302 2144 376 2185 the
395 2147 600 2197 province
619 2148 669 2186 of
683 2147 804 2187 Asia.
868 2146 936 2187 He
955 2160 1043 2187 was
1062 2146 1388 2198 treacherously
1407 2146 1614 2187 attacked
1634 2145 1722 2187 and

241 2198 376 2239 killed
398 2199 458 2250 by
480 2200 725 2241 Dolabella.

301 2253 316 2276 ὁ
347 2254 486 2293 Gaius
511 2256 746 2301 Antonius,
773 2254 950 2295 brother
975 2256 1026 2295 of
1049 2254 1184 2295 Mark
1211 2256 1407 2307 Antony.
1469 2254 1722 2307 Appointed

239 2321 454 2400 §Izzovernor
483 2310 534 2348 of
562 2309 841 2354 Macedonia,
873 2309 926 2350 he
955 2323 1044 2349 was
1073 2309 1273 2350 defeated
1303 2309 1391 2350 and
1421 2308 1632 2361 captured
1663 2309 1723 2360 by

283 2366 416 2402 rutus.

300 2421 313 2438 Γ
348 2416 396 2456 L.
429 2417 595 2456 Statius
630 2417 812 2456 Murcus
842 2417 929 2457 and
965 2418 1019 2467 Q.
1057 2418 1251 2457 Marcius
1285 2418 1464 2469 Crispus
1494 2431 1604 2458 were
1637 2421 1722 2457 two

239 2471 406 2510 ostii-fers
428 2472 479 2510 of
497 2470 658 2510 Caesar
681 2472 824 2511 whom
849 2472 902 2511 he
924 2476 1020 2511 sent
1042 2476 1086 2512 to
1109 2472 1226 2524 quell
1248 2471 1466 2512 disorders
1489 2473 1533 2511 in
1557 2472 1700 2523 Syria.

295 2523 313 2547 ‘¹
345 2525 399 2565 A.
432 2524 582 2565 Fufius
615 2524 818 2573 Calenus,
852 2526 1003 2567 consul
1038 2527 1082 2566 in
1114 2530 1167 2567 47
1203 2540 1283 2567 mc.
1356 2525 1575 2577 Antony's
1608 2525 1728 2566 chief

233 2595 326 2637 626
