1837 3029
843 155 1092 203 CICERO

176 297 201 334 5
228 291 280 332 et
305 284 522 333 Lentulo
545 289 849 333 resistamus.
908 287 969 333 A.
995 286 1042 333 d.
1071 302 1133 333 1v.
1162 286 1235 333 Id.
1263 286 1407 333 Febr.
1432 284 1623 332 Sestius
1648 286 1710 332 ab

227 353 388 399 indice
417 353 504 400 Cn.
538 354 704 408 Nerio,
735 353 961 415 Pupinia,
991 354 1053 400 de
1083 355 1275 400 ambitu
1305 361 1382 400 est
1409 353 1710 416 postulatus,

227 427 279 466 et
300 421 475 467 eodem
498 421 578 467 die
599 438 625 466 a
647 422 863 483 quodam
887 420 938 466 P.
960 420 1120 466 Tullio
1140 421 1203 466 de
1223 424 1284 467 vi.
1341 421 1388 466 Is
1410 428 1519 466 erat
1539 436 1706 483 aeger.

228 487 444 533 Domum
469 491 545 550 (ut
569 489 853 550 debuimus)
877 489 939 533 ad
963 505 1075 534 eum
1100 491 1272 534 statim
1296 491 1538 542 venimus,
1562 490 1708 549 eique

227 571 312 599 nos
347 562 479 600 totos
513 555 844 610 tradidimus;
895 555 1045 617 idque
1079 554 1287 601 fecimus
1320 562 1522 616 praeter
1553 553 1709 599 homi-

226 638 342 666 num
367 625 670 683 opinionem,
693 626 777 685 qui
801 639 888 667 nos
912 626 956 667 ei
979 626 1084 668 iure
1107 638 1399 668 succensere
1423 622 1673 683 putabant
1695 635 1707 675 ;

226 695 280 733 ut
327 687 685 744 humanissimi,
730 693 1100 752 gratissimique
1147 696 1200 735 et
1243 692 1335 750 ipsi
1382 696 1435 734 et
1479 689 1708 734 omnibus

226 755 508 801 videremur
531 771 541 810 3
580 759 752 818 itaque
774 755 1028 802 faciemus.
1084 755 1182 802 Sed
1202 756 1336 802 idem
1358 756 1537 801 Nerius
1556 755 1707 802 index

225 822 383 868 edidit
430 823 493 868 ad
553 823 795 885 allegatos
843 824 931 869 Cn.
983 823 1256 869 Lentulum
1302 823 1502 869 Vatiam
1538 829 1603 868 -et
1650 821 1705 868 C.

224 888 548 935 Cornelium}
618 891 810 936 Eodem
848 891 928 937 die
965 898 1169 937 senatus
1199 890 1482 936 consultum
1516 888 1707 935 factum

224 963 318 1011 est,
384 972 450 1003 υτ
514 972 834 1003 sonALl'rATEs
904 973 1269 1009 DECURIATIQUE
1336 971 1706 1011 D1SCEDERENT3

222 1037 409 1075 LEXQUE
446 1039 509 1069 DE
545 1039 606 1070 ns
645 1041 925 1080 munerun,
961 1040 1042 1080 UT,
1079 1041 1162 1076 QUI
1200 1040 1298 1070 NON
1334 1038 1706 1078 DISCESSISSENT,

175 1098 200 1137 6
226 1105 283 1135 ΕΑ
311 1105 486 1146 POENA,
513 1107 639 1142 QUAE
666 1107 751 1137 EST
776 1107 839 1137 DE
863 1107 930 1147 vi,
955 1107 1303 1138 TENERENTUR.
1363 1093 1424 1138 A.
1452 1091 1498 1138 d.
1527 1107 1601 1137 111.
1631 1090 1704 1136 Id.

223 1156 324 1202 dixi
357 1174 445 1219 pro
477 1157 646 1204 Bestia
678 1159 740 1205 de
774 1159 966 1205 ambitu
1000 1160 1132 1221 apud
1165 1166 1449 1220 praetorem
1482 1158 1570 1204 Cn.
1606 1157 1707 1203 Do-

221 1227 419 1270 mitium
461 1228 511 1270 in
558 1224 665 1271 foro
697 1227 864 1272 medio
896 1230 1114 1271 maximo
1156 1233 1424 1281 conventu,
1456 1225 1706 1287 incidique

222 1294 271 1335 in
314 1307 429 1337 eum
472 1291 633 1338 locum
677 1296 727 1338 in
769 1293 999 1348 dicendo,
1041 1310 1153 1339 cum
1197 1292 1404 1348 Sestius,
1445 1292 1615 1338 multis
1657 1295 1704 1337 in

223 1357 412 1419 templo
439 1358 657 1405 Castoris
686 1359 969 1406 vulneribus
997 1363 1232 1422 acceptis,
1259 1360 1478 1406 subsidio
1503 1359 1705 1405 Bestiae

222 1433 448 1472 servatus
516 1434 664 1473 esset.
768 1427 862 1473 Hie
929 1427 1400 1489 προῳκονομησάμην
1467 1427 1705 1490 quiddam

222 1491 444 1552 εὐκαίρως
495 1493 559 1539 de
618 1493 709 1548 his,
761 1510 891 1556 quae
951 1497 1001 1540 in
1055 1493 1272 1540 Sestium
1334 1494 1707 1556 apparabantur

221 1562 444 1614 crimina,
468 1567 520 1606 et
545 1576 658 1606 eum
683 1565 851 1606 ornavi
876 1565 1002 1607 veris
1025 1560 1272 1617 laudibus,
1295 1577 1480 1625 magno
1503 1576 1705 1607 assensu

222 1630 459 1672 omnium.
523 1626 620 1673 Res
648 1627 833 1673 homini
862 1627 957 1674 fuit
986 1627 1315 1675 vehementer
1340 1634 1501 1692 grata.
1563 1627 1706 1685 Quae

223 1693 312 1738 tibi
354 1709 413 1739 eo
453 1695 629 1749 scribo,
670 1696 804 1756 quod
844 1712 925 1741 me
965 1696 1028 1742 de
1070 1696 1334 1742 retinenda
1373 1694 1504 1742 Sesti
1543 1698 1706 1758 gratia

172 1768 194 1808 7
221 1759 400 1806 litteris
431 1777 582 1823 saepe
613 1766 864 1808 monuisti.
931 1762 1061 1809 Prid.
1097 1763 1169 1809 Id.
1206 1764 1348 1809 Febr.
1381 1761 1506 1809 haec
1535 1764 1703 1824 scripsi

281 1867 295 1891 ¹
328 1867 609 1910 Cornelium:
660 1870 767 1918 †ista
816 1871 854 1910 ei
900 1870 1094 1922 Tyrrell:
1155 1871 1311 1910 ll'urde
1348 1870 1515 1911 Fowler
1561 1870 1705 1910 thinks

224 1923 305 1960 ista
340 1924 377 1962 ei
414 1937 512 1974 may
547 1923 592 1962 be
627 1937 654 1962 a
687 1925 941 1975 corruption
977 1925 1030 1976 of
1059 1929 1200 1973 testes,
1238 1940 1263 1964 (ι
1297 1925 1413 1975 {alass
1449 1924 1704 1975 e.i,·plat'niny

221 1975 460 2026 allegatos:
526 1976 709 2028 Madciq
761 1984 954 2029 snyqests
1008 1980 1181 2025 instare,
1234 1980 1258 1994 ‘⁸
1279 1992 1384 2018 were
1435 1978 1705 2028 thr-eateni‘ny

224 2031 388 2069 Sestius
405 2030 429 2044 ‘⁹
447 2048 456 2071 :
487 2030 673 2082 Ifollow
690 2032 832 2072 Nobbe
849 2034 893 2072 in
911 2034 1113 2083 omitting]
1132 2035 1213 2072 ista
1232 2034 1267 2071 ei
1286 2033 1546 2083 altoqether:
1578 2031 1703 2083 Pros.

224 2083 427 2176 l(.llla](lis
455 2086 718 2136 conjectures
742 2085 1019 2138 adalligatos,
1051 2087 1140 2127 “as
1170 2088 1293 2137 being)
1317 2086 1628 2138 compromised
1655 2098 1705 2125 as

223 2151 280 2176 we
323 2168 332 2177 .

278 2236 296 2254 ⁰
330 2231 377 2271 P.
399 2231 567 2272 Tullius
589 2232 907 2274 Albinovanus.

282 2283 298 2308 ¹²
329 2284 479 2325 Cicero
504 2300 591 2326 was
618 2286 862 2338 displeased
890 2288 991 2328 with
1017 2288 1090 2329 the
1117 2288 1192 2329 bill
1220 2288 1387 2328 Sestius
1411 2287 1529 2328 drew
1553 2300 1613 2338 up
1635 2286 1704 2326 for

222 2337 288 2378 his
318 2341 573 2380 restoration
605 2341 678 2392 (cf.
712 2344 806 2382 Acc.
838 2344 896 2381 iii.
928 2346 995 2382 233.
1027 2343 1086 2392 4).
1148 2343 1225 2382 We
1257 2342 1388 2382 know
1419 2341 1467 2382 of
1496 2355 1551 2381 no
1581 2340 1704 2381 other

222 2405 374 2431 reason
400 2393 497 2444 why
521 2394 671 2433 Cicero
693 2395 849 2435 should
873 2396 982 2435 have
1005 2395 1113 2435 been
1136 2409 1277 2448 angry
1302 2395 1403 2435 with
1427 2395 1606 2435 Sestius.

252 2452 294 2538 b‘
325 2445 418 2486 The
452 2452 540 2486 text
575 2450 608 2487 is
643 2448 744 2488 here
783 2449 1012 2500 ineurahly
1043 2454 1234 2501 corrupt.
1293 2450 1376 2490 See
1403 2447 1571 2488 critical
1602 2451 1701 2487 note

222 2512 248 2538 a
285 2513 377 2540 ove.

225 2570 319 2616 492
