1837 3029
857 182 1105 229 CICERO

241 326 303 356 ex
337 310 536 358 silentio
570 328 794 358 nicarum
829 311 1127 358 litterarum.
1196 311 1539 358 Vehementer
1570 314 1723 374 igitur

239 385 456 443 gaudeo,
483 392 535 431 te
565 402 729 431 meam
758 389 864 431 sine
892 385 1210 431 dubitatione
1240 387 1490 447 accepisse
1518 400 1722 431 excusa-

191 463 215 500 2
242 460 446 504 tionem.
525 458 707 504 Gratos
751 459 842 504 tibi
886 465 1190 521 optatosque
1236 474 1362 513 esse,
1405 461 1490 520 qui
1534 458 1597 504 de
1639 473 1720 503 me

240 547 462 576 rumores
492 530 785 586 afferuntur,
814 548 913 577 non
942 531 1137 586 dubito,
1166 535 1233 577 mi
1262 530 1545 577 dulcissime
1572 529 1687 576 Tiro
1711 547 1720 576 :

240 604 610 666 praestaboque
647 613 699 651 et
735 608 915 659 enitar,
950 611 1007 650 ut
1041 609 1090 650 in
1126 605 1232 650 dies
1267 608 1427 667 magis
1461 607 1721 666 magisque

241 675 364 721 haec
393 693 601 723 nascens
630 679 693 725 de
722 695 804 724 me
834 677 1118 740 duplicetur
1145 681 1327 740 opinio.
1391 677 1560 735 Quare
1588 676 1722 739 quod

239 749 501 811 polliceris,
527 758 581 797 te
609 752 984 797 buccinator-em
1012 750 1118 797 fore
1147 754 1533 797 existimationis
1558 766 1722 804 meae,

241 822 381 868 firmo
418 824 470 870 id
507 829 862 887 constantique
902 828 1068 870 animo
1107 823 1259 871 facias
1297 824 1430 870 licet.
1501 823 1720 869 Tantum

240 900 372 942 enim
408 897 528 943 mihi
565 897 787 945 dolorem
823 901 1202 960 cruciatumque
1239 897 1522 944 attulerunt
1556 902 1721 943 errata

239 974 422 1017 aetatis
465 987 628 1026 meae,
672 979 730 1017 ut
772 988 870 1017 non
914 971 1073 1017 solum
1118 974 1312 1017 animus
1357 987 1384 1016 a
1426 969 1591 1025 factis,
1633 969 1719 1015 sed

240 1059 383 1089 aures
409 1060 608 1107 quoque
637 1061 664 1090 a
689 1048 1166 1091 commemoratione
1193 1043 1511 1090 abhorreant.
1570 1041 1721 1088 Cuius

240 1124 290 1162 te
326 1117 669 1164 sollicitudinis
706 1125 757 1164 et
793 1117 973 1164 doloris
1007 1121 1305 1181 participem
1339 1116 1511 1172 fuisse,
1544 1122 1719 1162 notum

238 1190 657 1254 exploratumque
685 1199 761 1238 est
793 1191 912 1238 mihi
938 1209 947 1238 :
997 1209 1089 1238 nec
1115 1193 1165 1239 id
1191 1195 1386 1238 mirum.
1453 1190 1582 1236 Nam
1607 1206 1719 1236 cum

236 1268 404 1310 omnia
441 1281 556 1311 mea
594 1282 744 1311 causa
783 1264 934 1310 velles
974 1264 1093 1310 mihi
1134 1281 1378 1320 successa,
1416 1270 1526 1310 tum
1566 1265 1719 1309 etiam

237 1345 339 1383 tua.
400 1337 598 1384 Socium
627 1342 759 1384 enim
787 1346 840 1384 te
867 1354 1093 1384 nieorum
1121 1339 1496 1384 commodorum
1522 1352 1721 1398 semper

187 1419 211 1457 3
237 1428 345 1457 esse
369 1411 515 1457 volui.
574 1411 723 1469 Quod
746 1414 900 1474 igitur
922 1418 1030 1457 tum
1057 1427 1119 1456 ex
1143 1428 1224 1457 me
1249 1411 1469 1464 doluisti,
1493 1426 1641 1464 nunc,
1663 1415 1721 1454 ut

235 1484 520 1547 duplicetur
543 1492 688 1531 tuum
715 1501 777 1530 ex
811 1501 892 1531 me
929 1485 1188 1547 gaudium,
1224 1485 1509 1547 praestabo.
1580 1482 1720 1530 Crat-

237 1562 353 1620 ippo
381 1575 481 1614 me,
513 1562 656 1613 scito,
685 1575 784 1604 non
814 1564 871 1603 ut
895 1557 1211 1620 discipulum,
1235 1558 1324 1604 sed
1349 1564 1406 1604 ut
1430 1557 1585 1602 filium
1611 1571 1719 1602 esse

234 1635 709 1678 coniunctissimum.
787 1629 916 1676 Nam
959 1647 1072 1677 cum
1116 1631 1264 1676 audio
1305 1629 1443 1676 illum
1486 1630 1720 1683 libenter,

239 1713 344 1751 tum
391 1709 546 1752 etiam
591 1707 843 1766 propriam
890 1707 995 1750 eius
1041 1707 1345 1750 suavitatem
1391 1702 1720 1749 vehementer

236 1778 526 1841 amplector.
559 1776 677 1823 Sum
704 1785 839 1824 totos
865 1778 971 1823 dies
1001 1794 1114 1823 cum
1146 1793 1223 1831 eo,
1253 1780 1515 1839 noctisque
1545 1790 1719 1837 saepe-

235 1868 444 1898 numero
476 1859 690 1914 partem.
752 1851 918 1897 Exoro
946 1853 1097 1904 enim,
1125 1857 1182 1896 ut
1209 1867 1406 1896 mecum
1435 1866 1587 1912 quam
1613 1865 1719 1895 sae-

234 1928 436 1987 pissime
468 1932 632 1970 cenet.
715 1924 824 1970 Hac
849 1925 1134 1970 introducta
1160 1924 1543 1977 consuetudine,
1567 1938 1720 1984 saepe

234 1998 560 2044 inscientibus
593 1998 734 2043 nobis
770 2004 823 2043 et
855 1998 1153 2043 cenantibus
1187 1997 1386 2058 obrepit
1419 1995 1719 2058 sublataque

234 2074 506 2117 severitate
538 2069 881 2132 philosophiae
914 2069 1271 2116 humanissime
1303 2070 1561 2116 nobiscum
1594 2073 1720 2115 ioca-

237 2152 333 2190 tur.
371 2143 540 2202 Quare
560 2144 624 2190 da
644 2159 867 2205 operam,
887 2150 944 2189 ut
963 2141 1094 2188 hunc
1113 2142 1286 2197 talem,
1306 2149 1412 2188 tam
1429 2142 1721 2198 iucundum,

297 2356 315 2374 ⁰
347 2351 385 2389 A
409 2349 690 2402 philosopher
711 2349 761 2389 of
781 2348 1010 2399 Mitylene,
1027 2349 1094 2388 for
1117 2348 1260 2388 whom
1283 2347 1435 2388 Cicero
1457 2347 1543 2388 had
1564 2361 1591 2388 a
1610 2347 1718 2399 high

238 2404 410 2455 reg-ard.
459 2404 525 2442 He
539 2402 855 2454 accompanied
876 2403 1069 2454 l'ompey
1087 2404 1129 2442 in
1146 2402 1212 2442 his
1227 2402 1353 2453 ssight
1367 2403 1479 2442 after
1497 2402 1720 2442 Pharsalia

239 2461 281 2498 in
310 2463 378 2504 45,
406 2458 492 2497 and
519 2457 776 2496 afterwards·
801 2456 954 2496 settled
983 2461 1027 2496 at
1056 2456 1237 2496 Athens.
1293 2456 1504 2507 'l'hrough
1530 2456 1719 2496 Cicero‘s

239 2512 452 2552 influence
476 2513 528 2551 he
549 2511 756 2551 obtained
778 2511 892 2551 from
915 2512 1077 2550 Caesar
1098 2510 1171 2550 the
1196 2510 1368 2550 Roman
1390 2510 1661 2562 citizenship.

246 2586 339 2633 364
