1868 3040
842 204 1093 251 CICERO

226 347 400 388 aetate
422 337 804 384 familiarissime
826 351 934 380 sum
958 350 1085 380 usus.
1160 333 1278 378 Eius
1302 339 1355 379 et
1376 332 1563 378 Sullani
1583 339 1710 379 tem-

227 434 359 495 poris
396 431 719 475 iniustissima
756 425 1046 472 calamitate
1084 424 1237 479 dolui,
1275 429 1329 470 et:
1364 439 1478 470 cum
1514 426 1591 479 iis,
1626 425 1712 486 qui

228 522 441 570 similem
481 522 712 566 iniuriam
755 522 1073 578 acceperant,
1116 517 1306 561 amissis
1346 516 1577 562 omnibus
1617 513 1713 562 for-

228 616 382 669 tunis,
416 611 609 659 reditus
645 616 819 656 tamen
855 611 905 654 in
941 610 1157 670 patriam
1195 606 1456 654 voluntate
1491 610 1712 654 omnium

230 704 437 753 concedi
455 703 728 756 videretur,
746 699 945 747 adiutor
962 697 1319 745 incolumitatis
1336 696 1423 745 fui.
1492 698 1541 746 Is
1558 697 1716 746 habet

230 803 281 844 in
310 795 640 843 Volaterrano
668 793 1051 855 possessionem,
1073 806 1186 835 cum
1215 793 1266 836 in
1295 806 1426 846 eam,
1454 797 1716 854 tamquam

233 905 262 936 e
293 885 573 950 naufragio,
602 884 837 946 reliquias
868 880 1177 928 contulisset.
1246 880 1356 928 Hoc
1386 888 1559 929 autem
1588 890 1717 932 tem-

231 995 352 1042 pore
391 994 508 1024 eum
546 976 731 1023 Caesar
766 977 816 1020 in
853 979 1087 1019 senatum
1124 971 1266 1035 legit,
1303 990 1455 1035 quem
1491 975 1716 1022 ordinem

231 1071 333 1126 ille,
353 1073 451 1115 ista
471 1069 783 1130 possessione
806 1068 1004 1119 amissa,
1025 1069 1156 1111 tueri
1178 1069 1258 1111 vix
1280 1071 1466 1126 potest.
1521 1066 1719 1113 Gravis-

232 1165 414 1209 simum
456 1166 629 1205 autem
670 1163 765 1212 est,
805 1173 918 1202 cum
958 1159 1184 1218 superior
1222 1155 1385 1204 factus
1425 1160 1491 1204 sit
1528 1159 1720 1215 ordine,

233 1252 521 1301 inferiorem
548 1266 656 1295 essc
682 1247 885 1294 fortuna
908 1262 919 1302 3
962 1251 1270 1311 minimeque
1295 1252 1547 1305 convenit,
1572 1266 1634 1296 ex
1660 1267 1720 1298 eo

237 1361 375 1408 agro,
408 1345 492 1405 qui
525 1341 751 1387 Caesaris
783 1343 918 1386 iussu
951 1339 1220 1394 dividatur,
1253 1356 1368 1402 eum
1400 1344 1606 1396 moveri,
1636 1343 1721 1404 qui

187 1445 214 1485 3
238 1437 464 1483 Caesaris
490 1432 735 1479 beneficio
762 1438 964 1477 senator
990 1434 1069 1477 sit.
1139 1430 1238 1477 Sed
1265 1430 1384 1476 mihi
1411 1435 1573 1478 minus
1598 1432 1723 1479 libet

235 1527 394 1574 multa
419 1526 482 1572 de
507 1527 768 1587 aequitate
790 1525 862 1568 rei
884 1522 1119 1577 scribere,
1142 1538 1205 1568 ne
1228 1539 1377 1568 causa
1399 1525 1566 1584 potius
1589 1523 1723 1585 apud

236 1626 290 1666 te
322 1617 534 1664 valuisse
565 1617 753 1670 videar,
784 1631 936 1677 quam
967 1617 1147 1677 gratia.
1216 1613 1559 1672 Quamobrem
1589 1620 1644 1661 te
1672 1617 1723 1661 in

237 1713 478 1757 maiorem
506 1709 711 1755 modum
740 1724 879 1770 rogo,
908 1712 965 1752 ut
994 1705 1047 1752 C.
1079 1705 1219 1751 Curti
1247 1722 1353 1752 rem
1382 1722 1547 1751 meam
1575 1713 1724 1767 putes

238 1816 383 1858 esse3
437 1799 682 1864 quidquid
717 1815 832 1845 mea
867 1815 1015 1844 causa
1051 1796 1261 1853 faceres,
1297 1803 1372 1852 ut,
1405 1797 1458 1844 id
1492 1795 1547 1843 C.
1585 1796 1725 1844 Curti

237 1910 390 1941 causa
445 1909 560 1940 cum
606 1890 801 1945 feccriS,
853 1892 1129 1944 existimes,
1177 1888 1311 1951 quod
1368 1887 1450 1934 ille
1495 1903 1588 1950 per
1643 1905 1725 1936 me

239 1985 491 2040 habuerit,
517 1983 569 2031 id
596 1999 678 2029 me
706 1980 895 2028 habere
924 1981 1012 2028 abs
1040 1987 1110 2027 te.
1179 1979 1289 2026 Hoc
1316 1985 1370 2026 te
1398 1977 1727 2026 vehementer

240 2079 395 2123 etiam
420 2081 575 2137 atque
600 2076 754 2120 etiam
777 2088 915 2135 rogo.

409 2265 430 2287 ⁸
460 2259 663 2312 Nothing
684 2272 804 2300 more
826 2259 861 2298 is
882 2257 1045 2298 known
1068 2257 1118 2297 of
1135 2256 1221 2297 this
1241 2254 1291 2297 C.
1313 2254 1507 2297 Curtius.

244 2624 307 2668 22
