1837 3029
838 171 1088 218 CICERO

176 310 201 347 2
230 303 306 347 De
338 300 546 363 publicis
576 303 743 347 onmia
775 299 893 345 mibi
925 306 1062 345 certa
1088 315 1098 353 3
1147 299 1268 361 quid
1298 300 1556 354 Octavius,
1585 300 1703 362 quid

225 371 509 416 Antonius:
572 384 702 430 quae
747 366 1005 412 hominum
1049 369 1250 428 opini03
1314 366 1434 428 quid
1479 364 1703 413 futurum

224 443 389 497 putes.
467 435 575 497 Ego
607 438 687 479 vix
720 441 914 487 teneor,
944 436 1065 495 quin
1097 449 1366 478 accurram.
1439 432 1540 480 Sed
1569 433 1706 487 st013

225 503 420 549 litteras
453 509 566 548 tuas
600 508 874 562 exspect03
926 508 979 546 et
1010 503 1135 546 scito
1167 499 1380 545 Balbum
1412 506 1522 546 tum
1554 498 1706 546 fuisse

227 571 432 632 Aquini,
467 585 579 614 cum
616 568 706 614 tibi
745 575 821 613 est
857 567 1067 622 dictum,
1103 573 1156 612 et
1190 566 1431 629 postridie
1468 566 1705 613 Hirtium.

228 637 358 682 Puto
405 642 675 696 utrumque
723 635 786 680 ad
834 649 1023 696 aquas3
1087 634 1174 680 sed
1224 633 1411 695 “quod
1458 633 1707 696 egerint.''

228 701 522 749 Dolabellae
539 708 886 763 procuratores
902 700 980 748 fac
997 701 1380 748 admoneantur.
1415 699 1708 763 Appellabis

227 773 381 817 etiam
406 769 628 832 Papiam.
698 768 836 815 Vale.

591 1162 766 1192 Clcssno
802 1161 893 1191 FIL.
931 1162 967 1191 S.
1007 1161 1048 1191 P.
1088 1161 1132 1190 D.
1170 1159 1343 1190 TIRONI

734 1273 934 1319 Athenis,
955 1287 1086 1313 A.u.c.
1110 1276 1205 1313 710.

292 1391 401 1438 Etsi
429 1393 562 1436 iusta
591 1396 645 1436 et
671 1389 854 1435 idonea
884 1405 998 1434 usus
1029 1404 1081 1434 es
1112 1390 1435 1434 excusatione
1463 1391 1712 1435 intermis-

227 1461 377 1505 sionis
399 1457 683 1504 litterarum
705 1463 925 1510 tuarum,
948 1463 1139 1509 tamen,
1162 1455 1213 1501 id
1236 1472 1298 1501 ne
1322 1459 1520 1517 saepius
1542 1455 1713 1511 facias,

230 1543 365 1587 rogo.
436 1525 566 1570 Nam
603 1526 694 1570 etsi
733 1524 795 1569 de
831 1522 1087 1585 republica
1123 1523 1402 1568 rumoribus
1439 1530 1491 1569 et
1526 1526 1713 1569 nuntiis

228 1596 411 1639 certior
439 1592 519 1646 fio,
548 1597 601 1637 et
628 1591 692 1637 de
720 1607 807 1636 sua
835 1593 886 1635 in
914 1606 995 1635 me
1024 1589 1285 1635 voluntate
1314 1606 1514 1652 semper
1541 1590 1604 1637 ad
1631 1606 1712 1636 me

230 1660 493 1722 perscribit
519 1665 683 1720 pater,
713 1664 886 1703 tamen
916 1657 979 1703 de
1009 1660 1183 1719 quavis
1212 1660 1419 1702 minima
1446 1673 1500 1703 re
1529 1660 1713 1719 scripta

230 1744 259 1773 a
287 1734 340 1773 te
372 1726 436 1772 ad
466 1742 547 1771 me
579 1724 795 1787 epistula
824 1740 1023 1785 semper
1053 1723 1150 1769 fuit
1179 1727 1478 1785 gratissima.
1543 1723 1712 1782 Quare

228 1810 342 1840 cum
371 1796 422 1838 in
453 1795 623 1854 primis
655 1799 768 1838 tuas
799 1791 1080 1838 desiderem
1113 1790 1325 1845 litteras,
1357 1790 1454 1837 noli
1487 1794 1714 1837 commit-

230 1868 357 1915 tere,
379 1867 435 1905 ut
457 1862 780 1905 excusatione
802 1861 969 1919 potius
991 1857 1195 1920 expleas
1215 1858 1429 1904 officium
1449 1858 1715 1914 scribendi,

230 1944 379 1990 quam
406 1926 702 1973 assiduitate
728 1924 1071 1986 epistularum.
1139 1924 1279 1971 Vale.

291 2034 304 2058 ¹
335 2038 402 2074 st!
440 2033 670 2073 Mammas
697 2034 787 2072 ancl
817 2033 946 2078 Etim,
968 2032 1040 2072 bu!
1067 2036 1134 2073 sto
1162 2032 1200 2072 is
1227 2032 1449 2084 obviously
1474 2033 1714 2084 suyyesled.

235 2089 259 2129 I
277 2089 414 2135 think,
436 2089 487 2139 by
508 2089 575 2128 the
594 2089 827 2139 preceding}
847 2088 1001 2127 words.

699 2239 717 2256 ‘¹
749 2234 831 2274 See
855 2237 953 2273 note
974 2247 1030 2273 on
1054 2233 1125 2272 the
1146 2237 1248 2273 text.

537 2289 552 2312 ⁶
583 2288 664 2329 See
686 2293 786 2327 note
807 2288 828 2327 b
849 2301 904 2328 on
928 2291 947 2334 ἓ
973 2291 988 2327 l
1015 2288 1065 2328 of
1082 2288 1153 2327 the
1175 2287 1255 2326 last
1277 2286 1414 2327 letter.

435 2347 450 2366 ⁶
482 2340 1462 2435 ‘Ursini1Pfig2¹³ss¹i328pffl0izfr

516 2454 531 2473 ⁶
563 2428 645 2492 See
668 2410 833 2490 ηοῐοξξιὶ
855 2450 926 2490 the
948 2418 1191 2502 beginning
1212 2449 1262 2490 of
1280 2409 1364 2500 Epp
1385 2425 1454 2490 2'1.

242 2574 336 2624 376
