1837 3029
857 175 1108 222 CICERO

240 308 488 362 desidero,
517 306 725 352 fratrem
755 305 912 351 solum
945 305 1216 351 desidero?
1283 306 1393 370 Ego
1422 323 1540 354 vero
1566 310 1727 354 suavi-

241 395 350 436 tate
384 386 591 433 fratrcm
626 402 782 449 prope
817 384 1099 448 aequalem,
1132 386 1373 448 obsequio
1407 385 1581 442 filium,
1613 404 1728 434 con·

241 468 348 516 silio
375 474 656 531 parentem.
725 465 860 523 Quid
887 464 1007 510 mihi
1035 469 1140 511 sine
1169 472 1222 512 te
1252 483 1490 530 umquam
1520 473 1609 514 aut
1635 469 1726 515 tibi

241 553 347 596 sine
389 564 469 594 me
506 547 779 593 iucundum
817 544 954 592 fuit?
1022 545 1173 604 Quid,
1211 547 1347 609 quod
1383 548 1562 594 eodem
1600 555 1728 595 tem-

242 646 362 693 pore
405 628 634 674 desidero
677 626 868 672 filiam?
930 643 1030 688 qua
1070 630 1282 688 pietate,
1323 644 1423 690 qua
1464 629 1728 683 modestia,

244 727 343 773 quo
383 708 626 771 ingenio?
685 707 901 770 effigiem
943 710 1057 762 oris,
1095 711 1354 763 sermonis,
1395 712 1545 754 animi
1586 710 1726 755 mei?

243 791 377 849 Quid
424 789 578 834 filium
626 790 1031 833 venustissimum
1077 786 1300 850 mihique
1346 788 1727 836 dulcissimum?

243 887 395 935 quem
430 886 524 933 ego
557 867 692 914 ferus
726 883 782 914 ac
814 866 1006 913 ferreus
1041 883 1068 913 e
1101 867 1367 930 complexu
1401 869 1564 915 dimisi
1597 886 1728 925 meo,

242 953 599 1014 sapientiorem
623 964 836 1011 puerum
862 964 1014 1010 quam
1040 947 1234 994 vellem.
1303 947 1570 996 Sentiebat
1595 954 1728 997 enim

242 1035 393 1079 miser
422 1034 539 1085 iam,
570 1029 692 1092 quid
722 1036 974 1092 ageretur.
1042 1027 1177 1087 Quid
1208 1045 1325 1076 vero
1355 1036 1500 1083 tuum
1533 1030 1727 1078 filium?

244 1112 365 1176 quid
391 1113 664 1173 imaginem
696 1116 856 1164 tuam,
883 1125 1036 1171 quam
1067 1125 1211 1155 meus
1238 1109 1412 1156 Cicero
1439 1118 1492 1157 et
1525 1112 1728 1158 amabat

244 1200 303 1240 ut
337 1191 547 1238 fratrem
581 1197 634 1237 et
666 1193 766 1235 iam
804 1196 860 1235 ut
896 1193 1137 1235 maiorem
1173 1189 1382 1236 fratrem
1419 1192 1729 1238 verebatur?

243 1272 397 1333 Quid,
424 1271 560 1335 quod
584 1269 848 1318 mulierem
874 1273 1222 1326 miserrimam,
1251 1270 1587 1318 fidelissimam
1616 1289 1730 1319 con-

241 1357 431 1416 iugem,
460 1368 542 1398 me
573 1354 806 1414 prosequi
839 1367 937 1396 non
967 1367 1076 1396 sum
1107 1367 1299 1413 passus,
1330 1358 1387 1398 ut
1418 1360 1569 1407 esset,
1600 1369 1730 1416 quae

243 1435 477 1497 reliquias
520 1435 796 1479 communis
839 1431 1157 1487 calamitatis,
1200 1448 1490 1478 communes
1532 1433 1731 1489 liberos,

247 1514 514 1562 tueretur?
582 1512 682 1558 Sed
714 1519 904 1567 tamen,
937 1527 1139 1574 quoquo
1171 1513 1320 1559 modo
1351 1516 1511 1575 potui,
1543 1517 1731 1576 scripsi,

245 1603 297 1642 et
335 1595 450 1641 dedi
488 1593 683 1639 litteras
721 1592 786 1639 ad
823 1599 876 1638 te
915 1591 1208 1656 Philogono,
1243 1592 1425 1639 liberto
1462 1600 1569 1650 tuo,
1607 1610 1732 1657 quas

243 1676 392 1723 eredo
426 1676 516 1720 tibi
550 1680 727 1736 postea
760 1673 982 1719 redditas
1017 1688 1161 1728 esse3
1211 1676 1261 1718 in
1295 1673 1475 1736 quibus
1507 1674 1643 1721 idem
1676 1682 1729 1722 te

243 1756 414 1802 hortor
434 1762 486 1801 et
504 1770 643 1818 rog0,
663 1753 798 1816 quod
817 1756 957 1816 pueri
978 1754 1069 1800 tibi
1090 1754 1252 1800 verbis
1271 1757 1396 1800 meis
1415 1758 1730 1811 nuntiarunt,

245 1822 301 1883 ut
345 1836 555 1882 Romam
598 1837 824 1896 protinus
867 1850 1048 1896 pergas
1092 1841 1145 1880 et
1186 1850 1439 1896 properes.
1476 1834 1730 1882 .Primum

244 1920 379 1964 enim
403 1922 456 1962 te
480 1915 552 1961 inl
578 1915 825 1977 praesidio
851 1930 959 1960 esse
985 1913 1133 1969 volui,
1159 1918 1198 1960 si
1224 1918 1309 1977 qui
1334 1921 1504 1962 essent
1527 1919 1730 1971 inimici,

243 2012 455 2061 quorum
493 1994 762 2042 crudelitas
799 1995 1022 2041 nondum
1062 2001 1196 2041 esset
1233 2002 1404 2041 nostra
1440 1995 1730 2043 calamitate

243 2081 442 2124 satiata.
513 2075 712 2122 Deinde
762 2091 1056 2139 congressus
1107 2078 1262 2122 nostri
1312 2075 1729 2123 lamentationem

243 2160 480 2222 pertimui
505 2172 515 2212 ;
552 2157 831 2218 digressum
851 2172 966 2201 vero
986 2173 1084 2201 non
1104 2155 1328 2202 tulissem
1353 2171 1365 2212 3
1401 2163 1555 2223 atque
1576 2161 1730 2204 etiam

244 2239 295 2285 id
342 2241 523 2300 ipsum,
573 2237 708 2300 quod
755 2244 814 2283 tu
860 2237 1048 2291 scribis,
1097 2237 1409 2293 metuebam,
1457 2253 1521 2283 ne
1571 2254 1601 2283 a
1648 2253 1730 2284 me

243 2317 451 2365 distrahi
494 2334 591 2363 non
633 2333 817 2379 posses.
888 2316 978 2361 His
1019 2317 1082 2363 de
1122 2320 1282 2363 causis
1322 2315 1415 2363 hoc
1454 2320 1730 2365 maximum

473 2470 488 2493 ¹
523 2470 714 2509 Inserted
733 2469 783 2520 by
807 2469 991 2521 illacleriy
1011 2486 1020 2509 :
1061 2474 1101 2509 te
1119 2467 1337 2520 praesidio
1355 2480 1454 2512 MSS.

253 2585 348 2633 462
