1837 3029
862 184 1112 232 CICERO

242 325 447 366 taturae
475 319 513 363 si
542 319 726 362 iuverit
753 331 906 361 manu
936 321 990 361 et
1016 314 1267 376 praesidio
1294 330 1403 370 suo,
1431 313 1730 377 Pompeium

243 402 431 446 metuit
464 400 720 443 inimicum
745 411 757 451 ;
801 399 840 441 si
873 412 973 441 non
1004 398 1206 450 iuverit,
1230 398 1399 450 timet,
1424 410 1488 441 ne
1517 411 1608 457 per
1631 399 1731 442 vim

242 478 543 543 perferatur.
613 476 782 523 Ludos
808 483 1023 538 apparat
1045 475 1570 538 magnificentissimos
1594 492 1604 522 ε
1646 479 1733 532 sic,

242 565 468 624 inquam,
494 565 552 604 ut
584 574 734 604 nemo
759 559 1190 619 sumptuosiore83
1233 555 1391 602 stulte
1426 557 1502 602 bis
1533 563 1733 620 terque,

244 658 344 688 non
369 639 671 702 postulatus,
696 637 776 684 vel
801 641 920 701 quia
947 654 1130 683 munus
1152 636 1478 700 magnificum
1502 636 1734 693 dederat,

245 721 324 768 vel
343 724 461 784 quia
480 719 752 766 facultates
772 735 871 765 non
890 725 1054 773 erant,
1072 717 1150 763 vel
1176 721 1295 780 quia
1318 724 1558 780 potuerat
1576 721 1734 781 magi-

244 809 404 848 strum
434 816 506 856 se,
532 817 631 846 non
662 799 878 845 aedilem
913 805 1112 861 putare.
1182 799 1367 844 Omnia
1401 796 1509 844 fere
1544 801 1731 860 scripsi.

243 882 394 937 Cura,
418 884 486 927 mi
511 883 764 926 carissime
789 878 966 935 frater,
991 886 1049 925 ut
1074 877 1257 925 valeas.

954 1068 1029 1115 IX

656 1213 712 1245 M.
737 1213 912 1244 cronno
936 1213 974 1244 S.
1002 1214 1048 1244 D.
1075 1213 1118 1250 Q.
1146 1213 1330 1244 FRATRI

765 1327 950 1374 Romae,
973 1340 1105 1367 A.¹J.c.
1131 1329 1227 1368 700.

197 1457 219 1498 1
311 1449 392 1497 De
437 1446 653 1494 Gabinio
696 1443 819 1491 nihil
861 1442 959 1490 fuit
1001 1442 1290 1490 faciendum
1332 1447 1563 1501 istorum,
1604 1461 1737 1508 quae

245 1532 590 1577 amantissime
630 1529 857 1589 cogitata
894 1531 1028 1571 sunt.
1098 1523 1214 1570 Τότε
1254 1544 1335 1585 μοι
1378 1524 1533 1586 χάνοι.
1619 1526 1735 1572 Feci

244 1627 441 1658 summa
467 1625 580 1655 cum
606 1610 879 1671 gravitate,
905 1613 963 1652 ut
988 1621 1163 1652 omnes
1189 1608 1436 1661 sentiunt,
1462 1612 1516 1653 et
1540 1622 1737 1652 summa

244 1709 359 1739 cum
384 1691 617 1745 lenitate,
642 1703 774 1752 quae
798 1686 912 1733 feci.
983 1686 1130 1733 Illum
1156 1702 1323 1749 neque
1350 1689 1448 1733 ursi
1474 1702 1642 1750 neque
1666 1686 1736 1733 le-

245 1776 372 1820 vavi.
438 1771 604 1817 Testis
637 1768 911 1815 vehemens
943 1766 1034 1823 fui,
1066 1774 1335 1830 praeterea
1367 1770 1550 1830 quievi.
1617 1767 1736 1814 Exi-

244 1861 355 1900 tum
400 1852 550 1898 iudici
596 1849 803 1896 foedum
850 1856 904 1895 et
949 1851 1284 1910 perniciosum
1330 1847 1580 1894 levissime
1623 1848 1733 1896 tuli.

244 1933 395 1992 Quod
427 1932 633 1995 quidem
667 1931 856 1976 bonum
889 1928 1012 1974 mihi
1046 1945 1178 1974 nunc
1210 1929 1431 1991 denique
1463 1928 1736 1985 redundat,

245 2021 302 2061 ut
337 2012 413 2060 his
447 2011 591 2059 malis
627 2010 935 2073 reipublicae
971 2009 1277 2072 licentiaque
1315 2009 1599 2064 audacium,
1635 2025 1735 2072 qua

307 2256 324 2275 ⁰
356 2251 450 2291 The
478 2250 610 2290 death
640 2249 689 2289 of
712 2262 738 2289 a
768 2248 957 2300 wealthy
985 2246 1127 2287 sriend
1157 2245 1245 2286 had
1273 2247 1403 2298 given
1437 2244 1561 2293 Milo,
1590 2258 1639 2286 as
1667 2246 1734 2286 his

248 2309 464 2351 executor,
486 2304 559 2344 the
580 2305 865 2355 opportunity
893 2302 943 2342 of
964 2303 1118 2353 giving
1145 2314 1296 2352 games
1317 2313 1373 2340 on
1400 2312 1426 2339 a
1454 2298 1592 2339 lavish
1619 2299 1734 2340 scale

251 2361 294 2400 in
311 2359 377 2398 his
395 2358 576 2398 honour.
639 2357 756 2396 Such
777 2362 803 2378 ⁶·
819 2350 991 2396 funeral
1009 2355 1032 2370 '⁹
1049 2368 1202 2406 games
1220 2367 1331 2394 were
1347 2357 1425 2393 not
1445 2365 1729 2394 uncomrnon.

308 2413 324 2436 ἱ·
357 2412 488 2452 Horn.
514 2411 567 2451 Il.
592 2412 645 2450 iv.
679 2414 766 2455 1522,
790 2410 862 2449 the
891 2408 975 2449 end
1007 2410 1055 2448 of
1080 2409 1153 2448 the
1183 2407 1269 2448 line
1297 2407 1431 2458 being
1460 2409 1586 2457 εὐρεῖα
1608 2410 1731 2456 χθών.

251 2465 392 2518 virgil
425 2465 503 2505 has
537 2478 564 2504 a
597 2464 762 2503 similar
795 2464 1043 2514 expression
1079 2464 1121 2502 in
1157 2463 1268 2502 Aen.
1299 2463 1354 2503 iv.
1382 2463 1438 2502 24
1468 2459 1586 2501 “sed
1626 2460 1731 2501 mihi

248 2519 316 2561 vel
335 2518 463 2560 tellus
484 2523 629 2570 optem
653 2520 772 2570 prius
795 2520 881 2556 ima
902 2515 1143 2558 dehiscat.'’

253 2583 348 2631 604,
