1837 3029
820 158 1072 206 CICERO

893 287 993 333 XII

562 424 616 455 M.
653 424 697 453 T.
735 425 775 453 c.
812 423 849 453 s,
888 422 929 452 P.
969 422 1014 451 υ.
1051 418 1334 451 ΤΕΗΕΝΤΙΑΕ

704 524 924 570 Brundisi,
947 536 1077 563 A.u.c.
1101 526 1197 564 706.

272 643 420 701 Quod
439 660 526 688 nos
545 645 593 687 in
613 641 810 687 Italiam
829 639 989 686 salvos
1007 642 1201 685 venisse
1217 638 1428 702 gaudes,
1443 642 1691 699 perpetuo

207 711 432 773 gaudeas
451 708 616 755 velim.
677 708 794 763 Sed,
812 707 1096 769 perturbati
1116 705 1287 752 dolore
1305 707 1457 750 animi
1474 706 1691 765 magnis-

209 794 308 840 que
348 779 557 831 iniuriiS,
591 782 766 821 metuo
807 790 871 820 ne
912 774 963 820 id
1003 772 1175 819 consili
1216 775 1516 834 ceperimus,
1557 768 1691 832 quod

208 861 308 891 non
363 842 509 890 facile
567 841 818 904 explicare
874 843 1134 903 possimus.
1202 839 1390 897 Quare,
1445 844 1691 900 quantum

209 918 373 973 potes,
403 910 599 957 adiuva.
667 908 802 967 Quid
831 915 1005 953 autem
1036 909 1210 969 possis,
1237 904 1359 952 mihi
1386 908 1691 951 inmentem

214 995 311 1025 non
338 980 492 1023 venit.
562 977 622 1022 In
650 979 781 1021 viam
811 975 947 1037 quod
974 981 1029 1020 te
1058 975 1146 1020 des
1173 972 1268 1019 hoc
1295 979 1545 1034 tempore,
1571 969 1694 1016 nihil

210 1052 289 1091 est
313 1060 323 1099 ;
363 1051 417 1091 et
436 1043 642 1107 longum
665 1050 743 1089 est
762 1046 878 1097 iter,
900 1049 953 1088 et
972 1058 1072 1087 non
1093 1047 1263 1087 tutum
1286 1054 1298 1095 ;
1337 1046 1392 1086 et
1411 1055 1511 1085 non
1532 1037 1693 1092 video,

210 1112 332 1173 quid
381 1111 620 1173 prodesse
671 1112 846 1172 possis,
892 1112 931 1155 si
977 1111 1190 1155 veneris.
1256 1105 1396 1153 Vale.
1466 1106 1530 1152 D.
1567 1104 1694 1167 prid.

211 1178 381 1225 Nonas
406 1178 652 1225 Novemb.
676 1176 956 1224 Brundisio.

570 1501 626 1534 Μ.
662 1501 707 1532 Τ.
743 1502 785 1532 C.
821 1502 858 1531 S.
897 1500 940 1531 P.
978 1501 1024 1531 D.
1060 1498 1342 1530 TERENTIAE

714 1600 935 1649 Brundisi,
958 1615 1088 1642 A.U.c.
1112 1604 1208 1641 707.

281 1720 430 1777 Quod
449 1721 617 1780 scripsi
641 1718 704 1763 ad
724 1724 775 1763 te
796 1720 1034 1779 proximis
1054 1716 1234 1762 litteris
1254 1716 1317 1762 de
1335 1717 1512 1761 nuntio
1530 1716 1700 1761 remit-

216 1787 389 1841 tendo,
419 1802 549 1848 quac
579 1788 645 1831 sit
673 1787 816 1830 istius
845 1787 916 1829 vis
945 1782 1038 1829 hoc
1067 1791 1316 1845 tempore,
1345 1789 1399 1828 et
1427 1797 1558 1844 quae
1586 1797 1700 1827 con—

214 1857 391 1900 citatio
436 1851 792 1905 multitudinis,
839 1854 1029 1913 ignoro.
1097 1849 1148 1895 Si
1193 1849 1499 1896 metuendus
1542 1851 1700 1894 iratus

217 1927 312 1975 est,
342 1922 484 1983 quies
520 1918 717 1966 tamenl
747 1918 811 1964 ab
839 1917 923 1964 illo
958 1916 1172 1963 fortasse
1201 1923 1451 1963 nascetur.
1515 1915 1700 1962 Totum

279 2037 290 2061 ¹
325 2038 550 2089 quiesces:
609 2040 758 2076 tamen
804 2034 913 2082 MD,
946 2034 1155 2086 followed
1195 2034 1247 2085 by
1290 2033 1475 2086 Tyrrell.
1536 2032 1561 2072 I
1596 2032 1702 2073 have

220 2092 417 2132 retained
446 2090 625 2130 Nobbe's
653 2089 852 2140 readiny,
881 2103 929 2129 (13
957 2089 1081 2139 being]
1109 2103 1136 2128 a
1163 2088 1294 2128 better
1320 2089 1449 2129 order
1475 2087 1528 2138 of
1547 2087 1702 2134 words,

220 2147 311 2187 and
330 2145 572 2198 supplyinq
593 2147 796 2185 nascetur
816 2143 919 2183 with
939 2157 966 2183 a
985 2143 1161 2194 subject.

279 2298 296 2316 ⁰
328 2292 392 2332 To
431 2291 613 2331 Tullia‘s
663 2291 880 2338 husband,
914 2289 1172 2335 l)olabella;
1229 2290 1435 2329 nuntium
1474 2290 1703 2335 remittere,

226 2346 252 2363 “
274 2350 316 2386 to
348 2346 454 2387 send
486 2345 602 2385 back
634 2359 659 2384 a
692 2358 889 2396 mcssage
910 2344 935 2359 '³
966 2358 1054 2383 was
1083 2344 1156 2384 the
1187 2343 1361 2395 regular
1391 2343 1548 2395 phrase
1577 2344 1644 2382 for
1677 2357 1703 2382 a

225 2403 366 2440 notice
396 2402 446 2440 of
470 2400 674 2443 divorce:
721 2401 793 2438 thc
823 2398 1038 2438 technical
1068 2399 1180 2437 form
1211 2399 1261 2437 of
1284 2397 1358 2437 the
1388 2410 1586 2449 message
1615 2409 1704 2436 was

225 2461 322 2493 tuas
347 2468 413 2493 res
440 2455 518 2493 tibi
543 2454 702 2499 habeto,
727 2454 751 2468 “
774 2452 886 2504 keep
912 2453 1029 2492 what
1055 2452 1237 2503 belongs
1256 2455 1302 2492 to
1327 2451 1461 2503 you,”
1482 2452 1567 2498 εἶθ..
1594 2450 1704 2491 “act

226 2508 567 2560 independently
590 2509 640 2547 of
658 2506 772 2547 me.'’

231 2580 325 2620 210
