1868 3040
238 640 261 677 ¹0

901 187 1152 235 CICERO

282 321 721 371 commendatione
739 319 1046 371 deminuam,
1063 317 1153 362 sed
1171 323 1227 362 ut
1244 315 1372 362 hanc
1389 315 1588 362 addam.
1640 315 1769 362 Nam

285 408 338 447 et
366 403 621 462 privignus
652 403 729 442 est
761 396 833 441 M.
865 395 1028 449 Caesi,
1058 397 1155 439 mei
1186 396 1405 438 maxime
1435 400 1489 438 et
1517 391 1771 439 familiaris

286 485 339 524 et
391 477 657 528 necessari,
710 479 764 519 et
815 471 913 517 fuit
964 475 1014 516 in
1069 470 1239 516 Cilicia
1291 486 1489 515 mecum
1541 470 1772 516 tribunus

286 554 499 600 miiitum
525 567 535 606 ;
576 567 674 613 quo
695 552 746 595 in
767 564 976 594 munere
998 551 1070 594 ita
1091 563 1144 592 se
1166 549 1422 601 tractavit,
1444 552 1501 592 ut
1523 549 1772 609 accepisse

288 632 350 677 ab
370 647 428 676 eo
447 627 748 675 beneficium
767 626 979 680 viderer,
998 641 1097 670 non
1116 624 1329 670 dedisse.
1399 623 1490 669 Est
1508 631 1774 685 praeterea

286 708 442 771 (quod
472 705 607 767 apud
635 712 688 750 te
718 703 854 749 valet
881 703 1171 764 plurimum)
1202 718 1231 747 a
1260 704 1440 747 nostris
1468 701 1645 747 studiis
1675 717 1774 747 non

288 785 574 832 abhorrens.
644 781 814 839 Quare
864 779 1011 825 velim
1064 795 1179 825 eum
1230 794 1382 840 quam
1431 778 1774 824 liberalissime

287 861 622 923 complectare
644 872 951 920 operamque
973 857 1080 911 des,
1101 863 1158 902 ut
1178 858 1228 901 in
1250 871 1311 901 ea
1330 855 1603 918 legatione,
1622 872 1774 918 quam

287 942 507 1000 suscepit
535 943 709 982 eontra
737 951 882 981 suum
911 933 1248 987 commodum,
1276 939 1478 978 secutus
1508 936 1775 978 auctorita-

287 1024 393 1063 tem
434 1030 618 1068 meam,
659 1028 811 1075 quam
850 1014 1070 1057 maxime
1113 1013 1217 1056 eius
1259 1009 1475 1055 excellat
1512 1009 1773 1056 industria.

288 1094 408 1140 Vult
442 1095 593 1146 enim,
625 1089 676 1136 id
709 1089 844 1152 quod
877 1091 1068 1150 optimo
1101 1090 1282 1149 cuique
1315 1094 1497 1133 natura
1527 1088 1775 1133 tributum

288 1179 383 1226 est,
416 1186 568 1232 quam
600 1171 874 1214 maximam
906 1166 1108 1212 laudem
1141 1181 1255 1210 cum
1289 1181 1318 1211 a
1350 1164 1510 1219 nobiS,
1543 1168 1627 1226 qui
1660 1181 1775 1210 eum

287 1248 593 1310 impulimus,
617 1252 729 1291 tum
758 1261 786 1290 a
813 1247 1082 1304 municipio
1110 1245 1347 1304 consequi
1371 1257 1382 1297 ;
1428 1242 1563 1304 quod
1591 1245 1634 1287 ei
1663 1259 1777 1288 con-

288 1330 472 1387 tinget,
515 1327 554 1368 si
597 1322 690 1368 hae
732 1338 847 1367 mea
889 1320 1328 1366 commendatione
1371 1326 1516 1366 tuum
1561 1335 1681 1381 erga
1723 1337 1776 1367 se

287 1403 510 1450 Studium
537 1403 631 1445 erit
655 1405 967 1444 consecutus.

947 1665 1078 1712 XIII

687 1810 741 1843 M.
779 1811 822 1842 T.
860 1811 900 1840 C.
938 1811 974 1841 S.
1013 1810 1055 1840 P.
1095 1810 1139 1840 D.
1179 1808 1341 1839 BRUTO

785 1924 968 1969 Romae,
990 1936 1122 1962 Α.υ.(’.
1145 1924 1240 1961 709.

357 2043 413 2090 L.
466 2042 756 2088 Castronius
808 2040 1013 2093 Paetus,
1062 2038 1211 2101 longe
1262 2041 1493 2099 princeps
1543 2041 1780 2100 municipi

294 2122 551 2174 Lucensis,
588 2126 665 2165 est
713 2118 971 2171 honestus,
1007 2119 1188 2177 gravis,
1224 2115 1401 2177 plenus
1442 2114 1586 2167 offici,
1622 2115 1781 2162 bonus

294 2199 442 2261 plane
481 2201 551 2242 vir
588 2203 640 2241 et
676 2211 789 2240 cum
827 2194 1113 2246 virtutibus,
1150 2199 1258 2238 tum
1297 2195 1450 2237 etiam
1487 2190 1707 2243 fortuna,
1741 2197 1780 2239 si

295 2275 414 2337 quid
442 2273 534 2318 hoc
562 2273 623 2318 ad
652 2288 755 2317 rem
784 2274 1025 2332 pertinet,
1051 2276 1256 2315 ornatus
1280 2283 1291 2323 ;
1336 2284 1477 2313 meus
1505 2274 1675 2314 autem
1705 2277 1782 2316 est

294 2351 722 2401 familiaris-simus,
746 2351 814 2392 sic
838 2363 1054 2409 prorsus,
1080 2353 1136 2391 ut
1161 2348 1315 2392 nostri
1340 2344 1524 2390 ordinis
1548 2345 1783 2393 observet

884 2532 902 2551 ⁰
935 2527 985 2565 ln
1010 2526 1197 2565 Etruria.

306 2601 365 2643 48
