1837 3029
839 162 1091 211 CICERO

222 299 277 339 et
319 295 482 348 amici,
524 308 692 338 meam
737 291 906 347 fidem,
950 299 1170 337 vestram
1214 291 1704 338 commendationem

219 379 485 442 implorare
532 382 715 441 coepit.
783 378 909 424 Cum
952 379 1243 433 admirarer,
1277 378 1398 441 quid
1444 378 1706 424 accidisset

220 471 352 522 novi,
394 468 523 514 dixit
565 467 628 513 ad
670 483 723 512 se
767 466 949 512 indicia
991 465 1374 512 manifestarum
1413 465 1704 512 insidiarum

221 570 330 600 esse
383 554 571 609 delata,
624 569 755 616 quae
810 560 980 599 essent
1033 560 1152 599 ante
1207 553 1482 600 adventum
1533 568 1703 599 meum

219 641 488 696 occultata,
512 641 646 703 quod
671 644 721 695 ii,
745 644 829 703 qui
855 657 915 686 ea
938 640 1228 703 patefacere
1252 647 1476 702 possent,
1497 646 1705 702 propter

218 737 412 775 metum
454 732 808 783 reticuissent3
869 745 928 774 eo
970 735 1142 774 autem
1185 735 1433 790 tempore,
1473 744 1562 790 spe
1603 731 1702 773 mei

218 818 452 879 praesidi,
479 816 759 878 complures
789 833 866 871 ea,
895 832 1026 879 quae
1055 820 1258 871 scirent,
1287 816 1529 863 audacter
1557 815 1620 862 ad
1648 831 1701 861 se

217 904 493 959 detulisse3
541 907 591 950 in
623 903 697 950 his
729 907 1127 950 amantissimum
1159 907 1252 959 sui,
1282 920 1478 950 summa
1507 906 1702 966 pietate

217 993 522 1055 praeditum,
559 990 769 1038 fratrem
807 992 974 1038 dicere
1015 1008 1092 1047 ea,
1132 1008 1262 1054 quae
1300 995 1340 1038 is
1378 1007 1460 1038 me
1499 1007 1701 1054 quoque

217 1081 457 1127 audiente
498 1080 719 1135 dicebat,
759 1095 814 1126 se
854 1079 1178 1126 sollicitatum
1221 1095 1348 1135 esse,
1389 1086 1449 1126 ut
1487 1095 1701 1142 regnare

215 1168 366 1214 vellet
390 1183 401 1223 ;
447 1168 497 1214 id
528 1171 637 1214 vivo
666 1167 823 1214 fratre
852 1184 941 1214 suo
972 1171 1197 1229 accipere
1227 1184 1326 1213 non
1355 1170 1578 1230 potuisse
1602 1182 1613 1222 ;
1646 1182 1700 1212 se

216 1263 389 1302 tamen
436 1263 555 1302 ante
600 1255 722 1301 illud
768 1262 969 1318 tempus
1017 1272 1127 1301 eam
1175 1271 1280 1301 rem
1328 1271 1602 1318 numquam
1649 1257 1698 1300 in

214 1344 456 1398 medium,
487 1351 695 1405 propter
725 1343 930 1405 periculi
963 1350 1176 1397 metum,
1207 1342 1489 1405 protulisse.
1555 1342 1698 1400 Quae

215 1448 328 1477 cum
377 1438 511 1477 esset
557 1430 771 1486 locutus,
808 1435 977 1476 monui
1025 1447 1217 1493 regem,
1255 1438 1312 1476 ut
1353 1446 1554 1477 omnem
1593 1429 1700 1476 dili-

213 1522 440 1582 gentiam
467 1519 529 1565 ad
554 1535 607 1564 se
631 1519 1027 1565 conservandum
1054 1518 1319 1564 adhiberet
1342 1533 1353 1573 3
1397 1521 1699 1580 amicosque,

215 1611 372 1670 patris
399 1610 505 1653 eius
534 1615 688 1669 atquc
718 1610 793 1652 avi
823 1607 1004 1653 iudicio
1031 1607 1287 1668 probatos,
1314 1605 1544 1652 hortatus
1572 1621 1700 1660 sum,

215 1699 347 1758 regis
383 1698 457 1740 sui
496 1699 668 1749 vitam,
705 1695 838 1740 docti
875 1711 991 1740 casu
1030 1695 1348 1740 acerbissimo
1383 1697 1541 1756 patris
1577 1696 1701 1748 eius,

169 1790 191 1829 7
217 1786 350 1828 omni
380 1799 498 1828 cura
526 1782 855 1844 custodiaque
884 1781 1237 1828 defenderent.
1293 1782 1419 1827 Cum
1448 1797 1538 1827 rex
1568 1797 1598 1827 a
1618 1796 1701 1827 me

217 1875 501 1933 equitatum
535 1869 868 1932 cohortesque
901 1870 964 1916 de
1000 1873 1224 1916 exercitu
1259 1886 1371 1915 meo
1404 1867 1701 1931 postularet,

218 1962 311 2004 etsi
338 1957 718 2019 intellegebam,
745 1965 911 2003 vestro
938 1965 1144 2004 senatus
1171 1957 1398 2003 consulto
1426 1974 1524 2003 non
1551 1956 1700 2002 modo

217 2062 361 2108 posse
397 2062 479 2091 me
516 2046 565 2091 id
598 2045 783 2100 facere,
815 2045 903 2091 sed
942 2048 1094 2091 etiam
1133 2046 1338 2099 debere,
1367 2052 1558 2099 tamen,
1586 2060 1699 2090 cum

216 2133 497 2195 respublica
530 2132 829 2195 postularet,
863 2141 1070 2195 propter
1105 2133 1423 2195 quotidianos
1459 2148 1522 2178 ex
1558 2131 1699 2195 Syria

217 2224 437 2275 nuntios,
456 2227 513 2267 ut
538 2238 689 2283 quam
715 2224 931 2283 primum
959 2224 1236 2266 exercitum
1267 2221 1329 2266 ad
1355 2219 1555 2266 Ciliciae
1576 2220 1698 2265 fines

219 2309 540 2363 adducerem,
580 2324 797 2371 cumque
849 2308 967 2354 mihi
1023 2324 1130 2363 rex,
1171 2307 1439 2370 patefactis
1488 2311 1586 2353 iam
1627 2311 1699 2352 in-

219 2397 371 2449 sidiis,
402 2413 500 2441 non
533 2412 683 2458 cgere
717 2399 941 2441 exercitu
974 2395 1143 2457 populi
1176 2396 1405 2447 Romani,
1435 2395 1524 2441 sed
1554 2411 1699 2457 posse

219 2500 272 2530 se
302 2487 401 2529 suis
430 2485 608 2545 opibus
637 2483 913 2529 defendere
943 2484 1215 2536 videretur,
1243 2483 1380 2528 illum
1410 2482 1699 2529 cohortatus

229 2588 322 2627 ⁶240
