1837 3029
850 165 1100 214 CICERO

236 312 331 341 non
377 302 496 341 ante
540 312 690 358 quam
735 302 787 342 te
831 296 1016 342 videro.
1112 295 1217 342 Nec
1259 303 1432 342 tamen
1475 303 1527 344 te
1571 312 1721 344 avoco

234 361 586 425 as3ngraph·1·
577 397 588 417 ‚
642 361 759 424 γόιι
810 382 1002 423 κιημης.
1072 363 1192 408 Cras
1228 370 1468 425 exspecto
1505 363 1721 426 Leptam

233 436 285 475 et
314 429 371 475 Ν.
460 466 470 475 .
530 430 628 477 ad
653 433 791 475 cuius
817 437 983 476 rutam
1008 429 1211 494 pulegio
1235 429 1356 476 mihi
1381 433 1456 477 tui
1480 433 1722 478 sermonis

233 497 481 543 utendum
508 504 599 543 est.
671 496 711 541 Χ
716 496 809 542 ale.

892 637 1061 682 XXIV

651 749 853 780 TULLIUS
890 752 925 780 S.
965 751 1007 780 l‘.
1047 751 1092 780 D.
1129 751 1303 781 TIRONI

754 824 926 883 Arpini,
950 846 1080 872 Α.υ.(“.
1105 835 1199 872 710.

185 922 203 961 1
297 915 405 962 Etsi
446 932 594 961 manc
638 915 915 978 Harpalum
957 920 1208 971 miseram,
1249 924 1440 971 tamen,
1480 933 1593 963 cum
1636 914 1721 962 ha-

231 983 422 1038 berem,
451 986 529 1028 cui
559 990 697 1029 recte
728 984 901 1030 darem
930 983 1143 1039 litteras,
1175 986 1266 1030 etsi
1299 987 1412 1030 novi
1443 982 1561 1029 nihil
1594 990 1720 1037 erat,

231 1050 406 1096 iisdem
444 1050 507 1096 de
543 1051 692 1096 rebus
729 1050 858 1096 volui
896 1051 959 1097 ad
995 1058 1046 1097 te
1083 1054 1282 1113 saepius
1316 1051 1568 1105 scribere;
1621 1067 1719 1096 non

230 1120 350 1178 quin
378 1117 683 1163 confiderem
713 1117 1007 1180 diligentiae
1035 1125 1174 1172 tuae,
1202 1118 1291 1164 sed
1319 1121 1390 1164 rei
1418 1134 1500 1163 me
1527 1119 1720 1180 magni-

231 1184 355 1230 tudo
383 1185 636 1230 movebat.
700 1184 827 1229 Mihi
853 1201 1000 1246 prora
1027 1192 1080 1231 et
1105 1188 1305 1247 puppis,
1332 1192 1388 1231 ut
1415 1184 1720 1230 Graecorum

230 1251 549 1313 proverbium
577 1258 672 1303 est,
698 1250 794 1297 fuit
821 1268 849 1296 a
875 1268 956 1297 me
983 1255 1057 1297 tui
1083 1252 1393 1307 dimittendi,
1419 1258 1476 1298 ut
1500 1254 1719 1298 rationes

230 1325 425 1363 nostras
445 1317 737 1379 explicares.
792 1317 958 1364 Ofillio
979 1326 1031 1364 et
1051 1318 1256 1365 Aurelio
1277 1322 1452 1381 utique
1473 1321 1593 1364 satis
1614 1317 1716 1364 fiat.

230 1385 274 1430 A
300 1384 542 1439 Flamma,
564 1388 603 1430 si
626 1402 725 1431 non
748 1392 894 1446 potes
916 1402 1083 1440 omne,
1105 1393 1304 1448 partem
1327 1385 1546 1448 aliquam
1569 1384 1717 1431 velim

230 1458 534 1514 extorqueas
559 1468 569 1497 :
629 1455 680 1497 in
721 1455 1014 1514 primisque,
1057 1459 1114 1499 ut
1157 1453 1397 1514 expedita
1439 1455 1504 1498 sit
1544 1454 1719 1514 pensio

233 1517 474 1565 Kalendis
497 1518 603 1564 Ian.
660 1519 740 1565 De
763 1520 1095 1566 attributione
1116 1520 1362 1566 conficies.
1420 1519 1498 1566 De
1519 1534 1718 1581 reprae-

228 1588 516 1632 sentatione
552 1585 759 1632 videbis.
831 1587 911 1632 De
948 1587 1235 1634 domesticis
1271 1587 1420 1633 rebus
1456 1585 1715 1632 hactenus.

288 1726 308 1745 ⁰
339 1721 496 1762 Which
518 1722 669 1762 Cicero
691 1722 806 1763 held.

293 1775 308 1799 ⁶
341 1776 426 1816 Lit.
460 1777 485 1792 ‘⁸
505 1776 578 1816 the
618 1775 732 1816 knee
763 1779 797 1816 is
830 1791 982 1817 nearer
1012 1777 1142 1818 home
1173 1777 1280 1817 than
1313 1777 1385 1818 the
1416 1777 1515 1817 shin
1536 1776 1546 1792 '
1599 1775 1717 1828 (γόνυ

237 1832 408 1880 κνήρμης
437 1833 589 1880 ἔγγιον,
621 1831 802 1870 Aristot.
831 1831 931 1872 Ech.
961 1832 1060 1871 Nic.
1091 1833 1145 1871 ix.
1176 1835 1215 1871 8.
1244 1832 1304 1881 2).
1365 1831 1435 1883 Cf.
1466 1833 1658 1877 ἀπωτέρω
1692 1833 1716 1878 ἢ

233 1887 328 1932 ’γόνι
350 1883 835 1953 quua‚Tl1eocrit.xvi.
863 1888 925 1925 18.
976 1885 1068 1925 The
1092 1886 1220 1925 latin
1242 1885 1522 1937 equivalent
1513 1898 1547 1925 is
1567 1884 1715 1925 tunica

228 1938 438 1989 proprior
466 1938 658 1988 pallios
666 1939 763 1978 the
793 1943 891 1979 coat
922 1941 955 1979 is
986 1953 1138 1979 nearer
1166 1939 1273 1979 than
1304 1939 1378 1979 the
1406 1938 1583 1979 cloak.’'
1644 1937 1713 1990 Cf.

224 1991 326 2043 Eng
331 1990 446 2030 lish‘
452 1996 582 2032 ‘near
608 1993 640 2031 is
672 2005 746 2044 my
775 1992 897 2039 shirt,
921 1993 1000 2032 hut
1025 2006 1176 2032 nearer
1204 1994 1240 2032 is
1272 2007 1347 2044 my
1368 1991 1499 2032 skin.'
1491 1992 1517 2007 ''
1573 1991 1715 2032 There

234 2047 268 2084 is
297 2059 322 2084 a
355 2045 405 2084 ἢ
409 2045 500 2085 elsh
510 2036 729 2114 “⁹proverb
754 2060 858 2097 very
898 2046 985 2086 like
1022 2047 1097 2087 the
1135 2045 1298 2093 (Qreek
1328 2046 1463 2087 “Nes
1502 2045 1592 2086 elin
1628 2058 1715 2097 noy

232 2099 471 2141 arddwrnss
510 2100 629 2139 ‘the
649 2100 819 2140 clbow'
810 2114 845 2141 15
866 2114 1018 2141 nearer
1037 2101 1145 2141 than
1166 2101 1241 2141 the
1260 2099 1425 2142 wrist.”

290 2152 410 2204 (Οἵ.
433 2155 488 2193 vi.
517 2156 564 2193 18
586 2153 673 2193 and
702 2158 764 2194 19.

289 2205 306 2227 ‘¹
355 2206 475 2246 ΗΝ]
502 2207 717 2258 prohihl3
734 2207 887 2247 5ῒειηι51
912 2207 1404 2254 for“nost1·'um,i..‚c
1423 2207 1711 2259 tlic3ounger

228 2260 436 2309 Quintus,
459 2274 506 2300 so
526 2260 695 2312 spoken
719 2263 770 2301 of
787 2261 847 2312 by
869 2262 1020 2302 Cicero
1044 2264 1086 2301 in
1111 2262 1206 2302 Act.
1229 2275 1298 2302 xv.
1321 2265 1390 2301 529.
1413 2264 1439 2301 2
1462 2261 1568 2301 also.

288 2319 302 2335 ‘
338 2314 421 2354 Lit.
472 2314 545 2353 ‘to
577 2315 722 2355 whose
753 2329 829 2355 rue
864 2315 880 2355 Ι
919 2320 1035 2356 must
1068 2315 1206 2368 apply
1243 2315 1317 2356 the
1355 2314 1630 2367 pennyroyal
1667 2314 1718 2355 of

228 2379 340 2418 your
359 2369 694 2409 conversation)

286 2421 303 2448 s
333 2420 429 2460 Or‘
436 2421 533 2461 ‘the
556 2421 644 2474 le
648 2422 705 2462 ha
725 2421 812 2462 and
841 2421 1056 2485 Omega''
1078 2436 1125 2463 as
1151 2421 1323 2474 Tyrrell
1349 2421 1526 2463 renders
1554 2423 1601 2469 it,
1622 2421 1712 2462 and

232 2473 286 2513 he
308 2478 462 2525 quotes
486 2475 570 2516 Dio
594 2476 626 2515 (
618 2436 751 2528 p.hrys
774 2478 931 2516 xxxvii.
956 2491 997 2529 p.
1025 2479 1103 2516 120
1134 2476 1185 2516 R.
1212 2479 1313 2523 ι’μεῖς
1342 2478 1421 2527 γὰρ
1450 2479 1540 2516 ἔστε
1571 2478 1637 2514 νῦν
1667 2477 1711 2514 τὸ

231 2530 278 2574 δη
310 2531 523 2576 λεγόμενον
556 2545 689 2579 πρωρα
721 2532 783 2567 καὶ
815 2545 969 2579 πριμνα
1001 2533 1067 2576 τῆς
1093 2530 1299 2570 Ἑλλάδος.

233 2595 329 2640 374·
