1837 3029
827 167 1079 214 CICERO

162 301 187 339 3
213 293 357 351 Quae
374 293 491 340 mihi
511 295 574 341 de
593 295 789 341 Parthis
806 299 1038 341 nuntiata
1055 303 1190 351 sunt,
1205 300 1323 358 quia
1337 313 1436 343 non
1450 296 1691 359 putabam

211 377 239 405 a
273 377 353 407 me
388 365 543 407 etiam
576 379 707 408 nunc
739 363 1002 408 scribenda
1036 379 1144 409 esse
1178 362 1394 424 publice,
1424 370 1693 426 propterea

211 444 273 472 nc
307 445 395 489 pro
426 427 770 475 familiaritate
802 429 1006 492 quidem
1039 437 1209 476 nostra
1240 429 1371 476 volui
1402 430 1466 477 ad
1496 437 1550 477 te
1580 434 1693 477 scri-

210 495 364 549 bere;
422 512 503 547 ne,
551 513 665 542 cum
712 496 776 543 ad
823 496 1078 544 consulem
1124 500 1447 560 scripsissem,
1494 497 1693 560 publice

211 561 406 608 viderer
428 565 696 624 scripsisse.

928 765 973 811 X

323 908 376 940 Μ.
412 908 457 940 Τ.
494 910 535 939 c.
575 909 681 941 ΙΜΡ.
717 909 755 940 S.
793 910 836 941 P.
875 910 921 940 Ι).
960 912 1002 942 c.
1037 910 1292 941 MARCELLO
1326 911 1368 942 c.
1404 910 1449 942 F.
1485 911 1582 941 cos.

745 1011 885 1060 Tarsi,
905 1026 1038 1054 A.u.c.
1061 1016 1157 1054 704.

164 1124 181 1162 l
274 1118 525 1175 Quoniam
561 1118 612 1164 id
652 1118 849 1173 accidit,
887 1119 1022 1180 quod
1060 1118 1179 1164 mibi
1219 1122 1438 1163 maxime
1476 1117 1571 1164 fuit
1610 1135 1695 1180 op-

212 1192 394 1239 tatum,
411 1192 468 1231 ut
484 1188 704 1231 omnium
727 1185 1099 1241 Marcellorum,
1118 1185 1522 1232 Marcellinorum
1541 1189 1693 1231 etiam

211 1252 467 1313 (mirificus
504 1255 637 1298 enim
675 1255 874 1315 generis
913 1269 969 1299 ac
1005 1255 1217 1299 nominis
1255 1256 1406 1299 vestri
1442 1251 1540 1299 fuit
1576 1268 1697 1316 erga

210 1335 291 1364 me
332 1335 533 1381 semper
574 1319 807 1381 animus),
848 1322 1085 1382 quoniam
1127 1336 1247 1383 ergo
1285 1322 1360 1366 ita
1400 1319 1598 1374 accidit,
1638 1326 1697 1366 ut

210 1389 433 1432 omnium
469 1393 692 1432 vestrum
729 1387 896 1432 studio
932 1393 1049 1433 tuus
1084 1386 1371 1433 consulatus
1406 1385 1696 1433 satisfacere

210 1460 399 1515 posset,
430 1456 480 1498 in
514 1470 666 1516 quem
698 1470 843 1500 meac
876 1470 954 1499 res
986 1461 1182 1517 gestae,
1213 1453 1423 1517 lausque
1456 1460 1510 1500 et
1540 1452 1696 1499 honos

211 1537 383 1566 earum
431 1523 746 1582 potissimum
793 1521 1057 1576 incideret,
1103 1527 1225 1583 peto
1273 1538 1302 1567 a
1347 1527 1402 1568 te
1447 1521 1516 1576 id,
1563 1520 1697 1582 quod

209 1586 501 1634 facillimum
547 1587 686 1634 factu
735 1595 830 1643 est,
872 1605 971 1634 non
1023 1595 1345 1650 aspernante,
1395 1594 1454 1634 ut
1502 1587 1698 1634 confido

210 1662 409 1709 senatu,
450 1662 508 1701 ut
549 1672 701 1717 quam
741 1654 1298 1701 honorificentissimum
1338 1661 1544 1701 senatus
1584 1671 1698 1701 con-

160 1727 186 1766 2
211 1721 416 1776 mltum,
448 1721 631 1768 litteris
666 1725 790 1768 meis
823 1725 1066 1778 recitatis,
1098 1721 1389 1769 faciundum
1422 1737 1580 1769 cures.
1647 1720 1697 1767 Si

211 1787 330 1834 mihi
355 1796 524 1834 tecum
547 1792 712 1834 minus
737 1797 888 1844 esset,
912 1807 1064 1851 quam
1089 1796 1168 1836 est
1190 1806 1304 1836 curn
1326 1792 1426 1836 tuis
1450 1789 1698 1843 omnibus,

211 1855 482 1911 allewarem
505 1856 568 1901 ad
588 1863 640 1901 te
659 1855 785 1911 illos,
806 1873 835 1901 a
854 1858 1034 1919 quibus
1054 1856 1307 1919 intellegis
1326 1872 1408 1902 me
1427 1858 1697 1918 praecipue

210 1921 365 1978 dili‹ri
432 1922 594 1968 Patris
627 1926 701 1968 tui
734 1924 979 1970 beneficia
1010 1927 1061 1969 in
1093 1940 1175 1970 me
1207 1930 1325 1970 sunt
1358 1922 1697 1985 amplissima·
1687 1957 1698 1977 ‚

210 2006 376 2052 nequc
410 1993 542 2035 enim
574 1989 722 2036 saluti
753 2006 899 2037 meae
930 2007 1097 2054 neque
1127 1990 1302 2038 honori
1334 1993 1536 2036 amicior
1567 1992 1698 2052 quis-

211 2074 361 2120 quam
408 2057 503 2103 dici
548 2064 734 2119 potest.
815 2058 992 2104 Frater
1035 2066 1152 2105 tuus
1197 2060 1375 2121 quanti
1418 2073 1500 2103 mc
1544 2055 1699 2103 faciat

270 2219 289 2241 ⁰
319 2216 383 2256 Ἠ
388 2230 410 2256 e
435 2216 681 2258 Marcellini
701 2231 811 2258 were
831 2232 857 2258 a
877 2217 1044 2258 branch
1066 2218 1115 2258 of
1139 2217 1212 2257 the
1237 2215 1471 2257 Marcellus
1490 2215 1661 2268 family

276 2269 291 2292 ²²
324 2270 375 2309 u
381 2271 455 2310 hat
476 2271 529 2310 he
551 2285 701 2311 means
724 2274 772 2317 is,
794 2275 838 2311 to
859 2276 939 2323 put
959 2273 993 2311 it
1012 2271 1194 2323 shortly,
1212 2271 1308 2311 that
1329 2271 1396 2310 his
1414 2270 1549 2322 being
1570 2230 1697 2309 made

215 2323 363 2363 consul
385 2326 506 2375 gives
527 2324 575 2365 C.
597 2302 833 2365 Marcellus
853 2340 908 2365 an
926 2302 1213 2377 opportunity
1229 2326 1281 2365 of
1297 2323 1482 2375 making
1502 2322 1618 2375 good
1639 2321 1697 2363 all

214 2378 310 2416 that
331 2378 415 2417 this
435 2378 639 2418 devotion
661 2380 711 2417 of
729 2379 794 2418 his
814 2379 970 2430 famil)
990 2383 1034 2419 to
1055 2379 1205 2419 Cic-ero
1225 2377 1447 2419 deserved.

273 2431 348 2471 Dr.
373 2431 491 2483 Page
510 2431 710 2472 remarks
726 2432 883 2472 thatin
906 2423 1025 2472 tliese
1042 2432 1314 2484 unblushing
1330 2433 1524 2483 requests
1544 2430 1697 2471 Cicero

212 2483 296 2524 alu
302 2499 379 2524 ειν3
400 2486 504 2525 κεί13
526 2485 728 2525 himself
722 2500 762 2525 m
784 2486 1023 2538 obscurity,
1045 2486 1133 2527 and
1149 2486 1245 2526 that
1264 2486 1350 2526 this
1371 2483 1475 2536 long
1495 2487 1697 2524 sentence

215 2540 249 2578 is
269 2539 546 2590 deliberately
567 2540 872 2580 embarraesecl.

219 2601 314 2650 276
