1837 3029
862 164 1114 212 CICERO

243 293 402 349 nobiS,
442 300 501 340 ut
541 310 707 356 neque
749 294 1149 356 exspectandum
1191 294 1255 341 ab
1294 297 1353 341 iis
1394 311 1560 358 neque
1599 311 1732 342 com-

194 387 219 426 6
242 381 549 428 mittendum
574 385 632 428 iis
658 381 933 444 quidquam
962 397 1070 427 esse
1099 381 1343 428 videatur.
1402 381 1555 446 Regis
1582 382 1731 429 Deio-

241 471 338 515 tari
373 476 426 515 et
461 468 774 515 voluntatem
812 476 866 515 et
899 473 1084 531 copias,
1119 476 1561 533 quantaecumque
1596 477 1731 524 sunt,

241 563 435 602 nostras
470 573 578 602 esse
613 557 757 603 duco.
825 556 1145 618 Cappadocia
1179 564 1257 604 est
1289 561 1467 604 inanis.
1534 557 1730 620 Reliqui

240 660 385 705 reges
409 647 714 707 tyrannique
739 660 905 707 neque
929 646 1106 706 opibus
1131 648 1251 690 satis
1277 644 1422 700 firmi,
1445 661 1538 691 nee
1561 644 1732 691 volun-

240 737 348 776 tate
368 738 500 777 sunt.
545 731 671 776 Mihi
690 735 739 777 in
758 730 851 778 hae
870 735 1128 794 paucitate
1147 731 1361 778 militum
1382 736 1575 779 animus
1592 739 1730 779 certe

241 834 338 864 non
388 818 588 874 dee1·it;
655 836 819 881 spero,
869 835 934 866 ne
983 819 1242 866 consilium
1292 820 1513 882 quidem.
1596 819 1731 878 Quid

238 921 469 951 casurum
509 909 591 961 sit,
629 909 880 953 incertum
921 914 1014 954 est.
1090 907 1300 954 Utinam
1341 906 1489 953 saluti
1528 914 1730 954 nostrae

237 992 497 1040 consulere
521 997 766 1056 possimus
791 995 800 1041 ἔ
871 994 1124 1058 Dignitati
1150 1002 1288 1041 certe
1312 995 1644 1042 consulemus.

959 1276 1011 1323 II

409 1419 463 1451 Μ.
500 1421 702 1451 TULLIUS
739 1421 793 1452 M.
831 1422 874 1452 F.
911 1422 1085 1451 CICERO
1121 1422 1315 1452 PRO(·OS.
1353 1421 1390 1452 S.
1429 1422 1471 1453 P.
1509 1421 1557 1454 D.

540 1488 661 1519 COSS.
700 1489 906 1519 PRAETT.
942 1489 1108 1520 TRIBB.
1148 1490 1217 1519 PL.
1255 1489 1423 1519 SENAT.

695 1600 763 1641 Ad
787 1600 1007 1653 Cybistra,
1029 1615 1160 1642 A.u.c.
1184 1604 1281 1643 703.

194 1721 212 1761 l
305 1714 757 1779 S.v.v.b.e.e.e.q.v.
785 1718 912 1763 Cum
937 1718 1098 1780 pridie
1128 1717 1341 1764 Kalend.
1375 1717 1514 1763 Sext.
1541 1720 1592 1763 in
1617 1733 1728 1779 pro-

239 1806 449 1849 vinciam
476 1808 742 1860 venissem,
779 1822 944 1867 neque
982 1809 1226 1851 maturius
1252 1812 1459 1868 propter
1489 1808 1725 1851 itinerum

239 1898 291 1936 et
358 1895 736 1954 navigationum
795 1892 1143 1939 difficultatem
1204 1896 1373 1939 venire
1432 1895 1725 1955 potuissem,

237 1982 456 2025 maxime
489 1983 754 2026 convenire
788 1981 946 2027 officio
978 1997 1110 2035 meo,
1141 1984 1316 2043 reique
1349 1979 1579 2042 publicae
1611 1996 1726 2026 eon-

236 2065 420 2112 ducere
438 2071 631 2128 putavi,
649 2084 826 2130 parare
847 2085 924 2124 ea,
944 2085 1074 2130 quae
1095 2069 1158 2114 ad
1178 2071 1474 2124 exercitum,
1492 2083 1725 2131 quaeque

238 2154 301 2199 ad
338 2170 443 2200 rem
481 2154 750 2202 militarem
777 2159 1108 2218 pertinerent.
1180 2155 1323 2214 Quae
1359 2173 1471 2202 cum
1501 2163 1671 2202 essent
1696 2171 1724 2201 a

237 2257 318 2286 me
347 2258 465 2287 cura
489 2246 649 2303 magis
675 2250 728 2289 et
757 2243 1020 2305 diligentia
1049 2260 1199 2305 quam
1231 2243 1474 2289 facultate
1501 2251 1554 2289 et
1582 2246 1724 2305 copia

237 2333 531 2384 constituta,
557 2333 821 2393 nuntiique
849 2338 900 2377 et
925 2330 1127 2376 litterae
1153 2331 1215 2376 de
1241 2330 1373 2377 bello
1399 2348 1426 2376 a
1453 2330 1649 2377 Parthis
1673 2333 1723 2376 in

236 2420 539 2477 provinciam
576 2416 770 2480 Syriam
812 2417 951 2463 illato
993 2419 1218 2480 quotidie
1260 2417 1366 2464 fere
1405 2418 1721 2473 afferrentur,

236 2507 333 2549 iter
356 2504 474 2548 mihi
499 2503 784 2550 faciendum
811 2521 900 2566 per
927 2505 1229 2567 Lycaoniam
1257 2513 1309 2551 et
1333 2521 1423 2566 per
1449 2506 1643 2551 Isauros
1669 2512 1722 2551 et

245 2588 340 2626 ’234-
