1837 3029
860 175 1109 222 CICERO

243 302 334 349 lius
365 307 748 365 perversitatem
780 305 1079 367 quibusdam
1111 308 1160 350 in
1192 305 1340 351 rebus
1370 321 1522 367 quam
1553 303 1725 352 huma-

244 373 443 417 nissime
485 370 746 424 ferremus,
777 375 902 417 scito
945 371 1037 417 hoc
1079 389 1167 436 nos
1209 375 1258 416 in
1299 387 1358 418 eo
1390 372 1571 418 iudicio
1613 388 1726 418 con-

244 444 440 484 secutos
459 454 584 491 esse,
603 446 658 484 ut
678 442 899 484 omnium
916 441 1184 499 gratissimi
1206 439 1553 485 iudicaremur.
1596 437 1725 484 Nam

243 507 294 550 in
329 503 650 551 defendendo
687 522 882 551 moroso
930 505 1114 551 homini
1154 505 1546 552 cumulatissime
1583 509 1725 552 satis-

244 570 468 626 fecimus,
493 579 546 617 et
570 572 639 634 (id
664 572 797 634 quod
821 571 901 618 ille
927 576 1145 618 maxime
1169 572 1426 634 cupiebat)
1452 572 1725 627 Vatinium,

244 654 273 683 a
314 655 412 700 quo
454 638 619 700 palam
663 640 1069 701 oppugnabatur,
1110 640 1356 685 arbitratu
1399 646 1569 685 nostro
1610 655 1723 685 con-

243 705 468 760 cidimus,
489 705 562 750 dis
584 704 967 768 hominibusque
992 706 1365 767 plaudentibus.
1415 706 1550 764 Quin
1571 709 1724 752 etiam

244 771 442 817 Paullus
467 780 636 818 noster
658 789 770 818 cum
795 777 939 819 testis
963 774 1235 835 productus
1259 780 1393 819 esset
1415 777 1466 818 in
1489 773 1724 827 Sestium,

243 839 552 885 confirmavit
590 856 642 885 se
682 856 865 886 nomen
904 840 1073 886 Vatini
1121 840 1423 894 delaturum,
1462 843 1500 886 si
1552 839 1726 886 Macer

244 905 460 952 Licinius
503 914 858 962 cunctaretur;
921 914 974 953 et
1020 907 1195 953 Macer
1237 923 1266 952 a
1308 906 1439 953 Sesti
1481 906 1724 953 subselliis

243 977 474 1026 surrexit,
509 990 566 1019 ac
598 990 651 1019 se
685 973 750 1019 illi
787 991 885 1020 non
919 973 1211 1020 defuturum
1246 973 1522 1020 affirmavit.
1591 973 1725 1032 Quid

243 1041 480 1102 quaeris?
535 1039 683 1086 homo
719 1041 952 1102 petulans
989 1049 1042 1087 et
1079 1042 1261 1095 audax,
1298 1041 1544 1096 Vatinius,
1581 1041 1724 1087 valde

202 1121 224 1158 2
245 1108 568 1168 perturbatus
602 1107 995 1171 debilitatusque
1031 1109 1271 1154 discessit.
1340 1107 1558 1166 Quintus
1592 1115 1725 1163 tuuS‚

243 1189 366 1235 puer
406 1177 642 1235 optimus,
683 1176 910 1221 eruditur
951 1179 1169 1237 egregie.
1245 1175 1354 1221 Hoc
1395 1192 1526 1221 nunc
1566 1177 1724 1237 magis

243 1241 604 1296 animadverto,
626 1243 760 1304 quod
781 1243 1032 1305 Tyrannio
1053 1243 1202 1288 docet
1224 1243 1358 1304 apud
1379 1258 1475 1288 me.
1533 1241 1724 1288 Domus

242 1311 501 1370 utriusque
532 1316 757 1354 nostrum
790 1309 1082 1355 aedificatur
1112 1317 1331 1355 strenue.
1398 1309 1724 1370 Redemptori

242 1381 330 1420 tuo
359 1375 620 1421 dimidium
650 1380 893 1437 pecuniae
923 1379 1104 1422 curavi.
1169 1375 1324 1437 Spero
1354 1392 1442 1422 nos
1473 1383 1591 1422 ante
1622 1375 1724 1421 hie-

241 1458 374 1487 mem
405 1443 788 1489 contubernales
818 1442 938 1489 fore.
1005 1443 1084 1489 De
1114 1451 1284 1489 nostra
1311 1442 1489 1499 Tullia,
1518 1446 1593 1489 tui
1621 1459 1724 1489 me-

243 1507 442 1555 hercule
472 1514 830 1565 amantissima,
859 1527 1004 1572 spero
1031 1527 1143 1556 cum
1173 1510 1468 1572 Crassipede
1497 1526 1584 1555 nos
1612 1526 1725 1556 con-

243 1575 432 1622 fecisse.
500 1577 621 1623 Dies
654 1585 798 1623 erant
829 1578 945 1632 duo,
976 1581 1061 1639 qui
1092 1585 1205 1638 post
1238 1577 1444 1623 Latinas
1475 1576 1725 1623 habentur

194 1650 218 1688 3
243 1642 487 1705 religiosi3
531 1648 788 1706 ceteroqui
829 1643 1114 1690 confectum
1154 1644 1325 1690 Latiar
1359 1651 1482 1690 erat.
1553 1643 1726 1705 Ἀμφι-

247 1711 429 1768 λαφιάν
453 1718 622 1756 autem
648 1711 798 1765 illam,
821 1728 971 1774 quam
995 1719 1048 1757 tu
1072 1710 1198 1757 soles
1222 1712 1404 1766 dicere,
1426 1712 1557 1757 bono
1578 1711 1726 1758 modo

244 1776 490 1832 desidero,
513 1781 581 1824 sic
603 1795 818 1840 prorsus,
845 1786 899 1824 ut
923 1779 1278 1825 advenientem
1304 1781 1549 1840 excipiam
1570 1777 1727 1824 liben-

305 2002 323 2021 “
356 1998 440 2039 For
461 1999 666 2039 Vatinius
688 2013 758 2040 see
781 2004 881 2039 note
902 2013 929 2039 a
949 2004 995 2040 to
1016 1999 1139 2040 Fam.
1163 2001 1188 2040 i.
1212 2003 1252 2040 9.
1274 2003 1315 2041 4.

306 2050 322 2075 ⁶
357 2053 405 2093 L.
431 2054 642 2093 Aemilius
668 2053 859 2099 Paullus,
881 2053 1032 2093 consul
1057 2056 1098 2093 in
1121 2057 1188 2094 50.

309 2110 323 2128 ⁶
355 2106 403 2146 C.
429 2107 621 2147 Licinius
650 2108 799 2147 Macer
821 2107 995 2155 Calvus,
1019 2112 1164 2148 orator
1184 2107 1272 2147 and
1295 2112 1410 2159 poet.

305 2158 323 2182 ‘¹
353 2160 446 2200 The
469 2161 625 2201 houscs
648 2162 696 2200 ot'
715 2162 787 2202 the
809 2166 894 2201 two
917 2162 1114 2201 brothers
1137 2161 1342 2212 adjoined
1364 2161 1470 2202 each
1493 2161 1631 2203 other.

305 2219 319 2236 ⁶
350 2217 581 2262 ἀμφιλαφιά
615 2216 747 2266 (from
784 2218 1032 2263 ἀμφιλαφής,
1067 2214 1266 2265 “taking
1298 2217 1339 2254 in
1368 2229 1422 2254 on
1455 2215 1590 2255 either
1620 2214 1724 2262 side,

247 2278 297 2306 or
321 2268 425 2307 with
450 2269 553 2307 both
577 2268 718 2308 hands
735 2269 780 2317 '')
801 2281 889 2308 was
911 2269 1170 2321 apparently
1193 2269 1269 2308 the
1288 2274 1396 2308 term
1419 2268 1612 2318 Quintus
1639 2269 1725 2309 had

245 2320 350 2361 used
373 2323 440 2361 for
458 2322 533 2361 the
548 2328 574 2343 ‘⁸
589 2322 820 2361 unlimitecl
843 2322 1030 2362 means''
1053 2322 1252 2374 required
1273 2323 1341 2361 for
1358 2322 1424 2362 his
1440 2336 1535 2362 own
1554 2323 1639 2363 and
1662 2323 1727 2362 his

251 2374 464 2415 brother's
486 2376 686 2427 building
709 2378 969 2427 operations.
1032 2376 1101 2428 Cf.
1124 2377 1206 2427 Ep.
1234 2377 1322 2417 15b.
1345 2380 1371 2415 3
1394 2377 1443 2416 of
1468 2377 1553 2416 this
1587 2377 1725 2417 Book.

244 2428 338 2468 'she
361 2430 591 2481 metaphor
612 2432 653 2469 iu
676 2431 864 2481 (arripere
888 2432 920 2469 is
941 2430 1053 2469 from
1077 2444 1102 2470 a
1123 2430 1279 2470 hunter
1301 2430 1399 2470 who
1418 2431 1569 2470 stands
1594 2431 1727 2482 ready

245 2486 290 2521 to
313 2484 498 2522 wele-ome
529 2483 601 2522 the
631 2497 761 2534 ganne
793 2483 915 2522 when
953 2485 983 2523 it
1015 2483 1175 2523 breaks
1207 2497 1346 2524 cover.
1422 2484 1489 2536 Cf.
1515 2484 1620 2525 Hor.
1646 2484 1725 2524 Od.

246 2537 304 2577 iii.
333 2540 395 2578 12.
424 2540 471 2577 12
494 2537 782 2577 “latitantem
804 2538 1008 2577 fruticeto
1029 2539 1226 2589 excipere
1248 2537 1453 2589 aprum.’'

261 2601 356 2653 496
