1837 3029
575 692 654 742 M.
698 691 926 741 TULLI
969 692 1365 742 CICERONIS

227 773 783 824 EPISTULARUM
821 774 922 822 AD
952 773 1316 834 QUINTUM
1351 773 1726 825 FRATREM

737 896 940 942 LIBER
978 896 1150 942 1’1‘2131
1163 896 1242 943 [S

987 1015 1007 1061 Ι

715 1149 768 1180 Μ.
795 1151 835 1180 (f.
861 1150 898 1179 S.
927 1151 971 1179 1).
999 1151 1041 1185 Q.
1071 1150 1251 1180 FRATRI

758 1252 938 1299 Romae,
964 1265 1094 1292 Amne.
1119 1255 1213 1293 694.

197 1367 216 1406 1
309 1359 347 1405 I.
386 1360 494 1405 Etsi
521 1376 619 1405 non
648 1358 963 1413 dubitabam,
990 1361 1110 1420 quin
1136 1357 1264 1404 hanc
1292 1362 1559 1421 epistulam
1584 1359 1728 1407 multi

243 1430 423 1481 nuntii,
447 1425 581 1472 fama
605 1426 823 1488 denique
849 1432 981 1471 essct
1005 1429 1109 1487 ipsa
1134 1443 1221 1471 sua
1245 1425 1506 1473 celeritate
1529 1444 1730 1490 supera-

242 1501 373 1548 tura,
417 1501 575 1556 tuque
621 1500 740 1539 ante
786 1493 848 1538 ab
894 1492 999 1537 aliis
1043 1493 1305 1539 auditurus
1348 1509 1500 1548 esses,
1543 1510 1729 1540 annum

242 1564 449 1606 tertium
494 1563 758 1606 accessisse
806 1560 1054 1606 desiderio
1101 1566 1288 1614 nostro,
1330 1567 1384 1606 et
1426 1559 1583 1607 labori
1624 1568 1731 1617 tuo,

242 1634 415 1673 tamen
448 1630 730 1673 existimavi
761 1643 790 1672 a
821 1643 902 1672 nie
935 1643 1136 1689 quoque
1169 1628 1260 1672 tibi
1293 1625 1438 1673 huius
1469 1627 1730 1675 molestiae

243 1698 475 1740 nuntium
507 1693 718 1756 perferri
748 1700 997 1755 oportere.
1067 1693 1196 1738 Nam
1228 1695 1565 1755 superioribus
1595 1694 1731 1742 litte-

242 1765 324 1816 ris,
347 1779 445 1807 non
469 1765 595 1816 unis,
618 1762 707 1807 sed
727 1760 969 1822 pluribus,
991 1777 1103 1806 cum
1127 1764 1225 1805 iam
1250 1761 1312 1807 ab
1335 1760 1440 1807 aliis
1462 1762 1732 1824 desperata

242 1845 320 1873 res
354 1835 505 1882 esset,
537 1836 710 1874 tamen
744 1844 838 1889 ego
872 1829 962 1873 tibi
995 1844 1134 1888 spcm
1169 1835 1398 1873 maturae
1430 1828 1731 1876 decessionis

242 1895 531 1949 afferebam,
556 1912 653 1941 non
678 1894 855 1949 solum,
882 1902 934 1940 ut
961 1912 1109 1956 quam
1135 1895 1414 1940 diutissime
1438 1903 1490 1941 tc
1515 1896 1731 1943 iucunda

241 1966 475 2024 opinione
513 1962 837 2017 oblectarem,
874 1962 963 2007 scd
1001 1965 1154 2007 etiam
1192 1965 1309 2023 quia
1345 1968 1489 2008 tanta
1527 1962 1731 2009 adhibe-

242 2030 392 2075 batur
423 2036 476 2075 et
508 2046 536 2074 a
568 2030 708 2075 nobis
741 2036 794 2075 et
827 2045 854 2074 a
885 2029 1199 2090 praetoribus
1230 2032 1506 2083 contentio,
1538 2036 1594 2076 ut
1624 2046 1730 2076 rem

193 2104 217 2141 2
242 2113 386 2157 posse
438 2096 610 2142 confici
665 2114 763 2141 non
814 2096 1106 2142 diffiderem.
1177 2095 1321 2141 Nunc
1372 2099 1608 2158 quoniam
1659 2100 1732 2143 ita

243 2164 441 2217 accidit,
480 2171 534 2208 ut
574 2180 737 2225 neque
776 2170 1033 2224 praetores
1070 2165 1170 2208 suis
1207 2163 1402 2224 opibuS‚
1439 2179 1604 2226 neque
1642 2181 1730 2210 nos

244 2238 412 2276 nostro
432 2231 598 2276 ¹studio
623 2231 896 2292 quidquam
918 2230 1157 2292 proficere
1178 2246 1454 2291 possemus,
1479 2237 1555 2276 est
1575 2234 1730 2276 omni-

305 2352 322 2369 ⁰
357 2347 467 2386 Who
491 2361 576 2385 was
603 2361 698 2385 now
719 2352 764 2387 at
788 2347 860 2387 the
884 2347 1129 2398 beginning
1148 2347 1198 2385 of
1215 2346 1280 2385 his
1301 2346 1416 2386 third
1438 2360 1543 2398 year
1563 2360 1610 2386 as
1631 2360 1729 2398 pro-

248 2405 420 2452 praetor
438 2402 488 2439 of
505 2402 622 2440 Asia.

307 2454 322 2476 ⁶
356 2456 390 2493 ,X
412 2469 605 2506 vucancy
626 2457 666 2494 in
683 2455 921 2506 provincial
939 2458 1227 2506 government
1243 2468 1329 2493 was
1342 2455 1579 2495 ofinterest
1594 2458 1639 2495 to
1654 2455 1729 2497 the

246 2513 456 2560 praetors,
478 2522 561 2549 one
582 2510 632 2549 of
650 2509 792 2548 whom
816 2510 957 2560 might
979 2513 1052 2561 gct
1073 2509 1146 2548 the
1166 2509 1489 2560 appointment.

251 2579 343 2620 388
