1837 3029
845 163 1096 211 CICERO

231 297 662 359 proficisceretur3
715 294 836 340 illud
872 295 1050 349 scribo,
1085 293 1206 339 mihi
1242 292 1511 340 molestum
1545 291 1712 340 fuisse.

233 378 339 424 Iam
377 380 509 423 enim
546 377 630 422 diu
666 378 1026 438 cogitaveram,
1061 390 1123 420 ex
1161 390 1238 429 eo,
1274 374 1409 437 quod
1443 381 1501 422 tu
1536 374 1601 422 ad
1633 391 1715 421 me

230 461 515 520 scripseras.
549 463 623 510 ut,
656 458 695 500 si
730 455 851 517 quid
885 461 1038 510 esset,
1071 455 1206 517 quod
1241 455 1304 501 ad
1338 461 1391 501 te
1425 454 1717 518 diligentius

231 537 440 601 perferri
478 535 677 591 vellem,
712 535 780 580 illi
819 535 1028 589 darem3
1084 535 1220 598 quod
1257 534 1544 582 mehercule
1581 534 1716 582 hisce

228 618 429 673 litteris,
450 634 573 679 quas
596 615 744 679 vulgo
766 616 830 662 ad
851 622 902 661 te
925 618 1092 670 mitto,
1113 614 1234 661 nihil
1255 614 1360 661 fere
1382 616 1561 672 scribo,
1581 617 1716 679 quod

231 702 269 744 si
297 702 347 744 in
377 698 583 744 alicuius
611 713 790 742 manus
817 695 1068 751 inciderit,
1096 695 1310 742 moleste
1338 695 1605 743 ferendum
1634 699 1713 743 sit.

234 779 458 825 Minucio
477 794 558 823 me
580 783 633 822 et
651 775 815 823 Salvio
835 783 887 822 et
910 776 1133 822 Labeoni
1153 777 1488 823 reservabam.
1544 777 1716 824 Labeo

231 866 320 906 aut
335 859 480 905 tarde
497 857 840 920 proficiscetur
857 864 943 903 aut
960 856 1039 903 hic
1056 858 1299 903 manebit.
1367 857 1718 920 Hippodamus

153 950 203 988 22
230 957 292 986 ne
337 938 583 1001 numquid
630 937 810 983 vellem
853 937 1059 1000 quidem
1100 940 1312 1001 rogavit.
1389 937 1446 984 T.
1490 937 1717 985 Pinarius

231 1019 472 1067 amabiles
511 1019 574 1065 ad
610 1035 692 1064 me
731 1018 794 1065 de
833 1025 885 1064 te
922 1018 1118 1065 litteras
1156 1021 1352 1074 mittit3
1406 1035 1460 1066 se
1496 1022 1717 1066 maxime

230 1101 430 1155 litteris,
454 1100 786 1154 sermonibuS,
811 1101 946 1145 cenis
972 1099 1192 1161 denique
1218 1102 1318 1146 tuis
1343 1099 1601 1146 delectari.
1668 1099 1716 1147 Is

231 1181 380 1228 homo
413 1196 613 1242 semper
645 1196 726 1225 me
761 1179 1052 1234 delectavit,
1085 1178 1344 1243 fraterque
1380 1183 1485 1227 eius
1518 1197 1716 1228 mecum

231 1269 309 1308 est
334 1261 566 1308 multum.
636 1259 824 1318 Quare,
850 1267 907 1306 ut
932 1263 1215 1315 instituisti,
1234 1259 1571 1322 complectere
1597 1261 1717 1308 adu-

153 1343 521 1389 231escentem.
590 1340 705 1386 VII.
741 1340 892 1399 Quod
945 1340 1130 1387 multos
1183 1341 1290 1387 dies
1345 1341 1614 1404 epistulam
1666 1345 1717 1389 in

231 1424 462 1469 manibus
499 1421 670 1476 habui,
706 1428 915 1483 propter
950 1425 1398 1468 commorationem
1434 1422 1718 1470 tabellario-

231 1521 359 1559 rum,
393 1503 507 1549 ideo
541 1501 703 1548 multa
735 1505 964 1548 coniecta
997 1509 1134 1558 sunt,
1168 1502 1303 1550 aliud
1339 1502 1434 1550 alio
1469 1510 1718 1566 tempore,

233 1584 370 1630 velut
391 1583 484 1630 hoc
508 1600 518 1629 ε
558 1582 614 1628 Τ.
640 1583 846 1629 Anicius
867 1582 988 1628 mihi
1012 1599 1164 1645 saepe
1186 1586 1285 1629 iarn
1308 1583 1455 1639 dixit,
1475 1600 1586 1631 sese
1607 1585 1717 1638 tibi,

230 1665 575 1712 suburbanum
620 1666 660 1709 si
706 1663 841 1726 quod
885 1666 1178 1719 invenisset,
1223 1681 1322 1710 non
1367 1664 1716 1712 dubitaturum

232 1762 341 1792 esse
362 1761 546 1791 emere.
617 1744 677 1790 In
697 1747 802 1790 eius
822 1761 1052 1790 sermone
1073 1761 1168 1807 ego
1188 1752 1461 1808 utrumque
1479 1744 1615 1792 soleo
1633 1746 1718 1794 ad-

231 1828 416 1881 mirari,
454 1832 508 1871 et
543 1832 596 1870 te
633 1825 696 1871 de
733 1825 1022 1871 suburbano
1059 1825 1293 1880 emendo,
1329 1843 1443 1872 cum
1479 1826 1544 1873 ad
1578 1826 1717 1872 illum

230 1907 434 1961 scribas,
472 1922 572 1951 non
609 1905 759 1951 modo
799 1905 862 1951 ad
901 1922 982 1951 me
1022 1923 1121 1951 non
1160 1907 1396 1961 scribere,
1433 1906 1524 1954 sed
1563 1910 1716 1953 etiam

232 1987 379 2034 aliam
409 1989 461 2032 in
491 1989 799 2033 sententiam
831 1987 1066 2042 scribere,
1097 1993 1168 2042 et,
1197 2003 1309 2033 cum
1343 1987 1406 2034 ad
1435 1986 1573 2034 illum
1605 1992 1718 2035 scri-

232 2069 339 2123 baS,
373 2066 494 2114 nihil
527 2074 579 2113 te
613 2067 863 2113 recordari
896 2067 959 2113 de
993 2084 1064 2122 se,
1097 2067 1159 2113 de
1194 2067 1420 2129 epistulis
1451 2067 1563 2124 illis,
1595 2086 1718 2132 quas

232 2152 281 2194 in
313 2147 595 2194 Tusculano
629 2150 734 2193 eius
767 2155 824 2194 tu
857 2146 976 2193 mihi
1010 2148 1295 2203 ostendisti,
1328 2148 1449 2194 nihil
1480 2149 1544 2196 de
1574 2165 1718 2212 prae-

231 2232 391 2291 ceptis
423 2227 727 2290 Epicharmi,
758 2226 906 2290 γνῶθι
940 2227 1034 2276 πῶς
1068 2228 1207 2289 ἄλλῳ
1241 2227 1505 2290 κε’χρηται;
1550 2235 1715 2277 totum

235 2352 310 2441 F⁰
341 2345 529 2439 Cic-erg}
553 2345 709 2440 ἐξίρηά,
734 2346 876 2385 whom
904 2346 957 2386 he
983 2346 1285 2386 recommends
1315 2350 1360 2387 to
1387 2347 1646 2388 Cornificius
1672 2349 1715 2389 in

275 2415 358 2440 Um.
379 2413 451 2439 Xll.
473 2420 507 2439 κ(
532 2431 541 2439 .
594 2430 603 2440 .

295 2454 311 2478 ⁶
342 2454 421 2494 We
441 2453 572 2494 know
589 2467 645 2492 no
666 2466 785 2493 more
804 2453 852 2492 of
870 2453 960 2494 him
979 2453 1087 2494 than
1108 2454 1204 2494 that
1223 2453 1374 2495 Cicero
1393 2453 1469 2495 did
1491 2458 1567 2495 not
1585 2454 1714 2496 think

234 2508 324 2548 him
347 2521 373 2548 a
396 2520 498 2547 man
520 2511 565 2548 to
587 2507 641 2548 be
662 2506 843 2548 trusted.

236 2572 330 2621 568
