1837 3029
867 175 1120 224 CICERO

856 304 956 351 xv-
984 304 1046 368 (Ι.
1083 303 1133 367 8)

637 449 692 480 M.
730 449 904 479 CICERO
938 448 976 480 S.
1014 449 1061 480 D.
1098 449 1154 480 Μ.
1192 448 1355 480 BRUTO

774 541 957 589 Romae,
980 554 1115 583 A.u.c.
1139 543 1217 582 711

203 644 223 684 1
318 638 509 684 Multos
542 638 636 684 tibi
668 637 1035 684 commendabo
1068 644 1122 684 et
1152 636 1506 684 commendem
1537 651 1744 683 necesse

252 708 616 767 est—optimus
640 708 774 751 enim
797 708 1010 767 quisque
1032 708 1103 750 vir
1126 712 1180 751 et
1200 708 1317 751 civis
1339 707 1566 751 maxime
1580 706 1746 767 sequi-

252 780 335 819 tur
365 780 513 819 tuum
544 773 783 818 iudicium
816 773 1011 834 tibique
1044 788 1218 818 omnes
1250 771 1406 818 fortes
1439 775 1529 818 viri
1560 786 1746 818 navare

251 857 458 903 operam
495 846 549 886 et
585 840 810 886 studium
847 839 1022 886 volunt
1058 855 1151 886 nec
1189 842 1455 902 quisquam
1492 845 1587 895 est,
1624 841 1746 901 quin

251 911 323 953 ita
371 910 646 963 existimet,
693 923 860 953 meam
907 906 1043 969 apud
1087 913 1142 953 te
1189 913 1243 953 et
1288 909 1647 952 auctoritatem
1692 912 1747 952 et

202 981 227 1020 2
250 979 469 1038 gratiam
496 975 663 1021 valere
690 974 1118 1037 plurimum—sed
1144 973 1198 1020 C.
1230 973 1559 1029 Nas‘ennium,
1585 976 1747 1020 muni-

251 1046 416 1104 cipem
452 1041 774 1098 Suessanum,
810 1043 903 1088 tibi
938 1045 1015 1088 ita
1045 1041 1362 1096 commendo,
1398 1047 1455 1088 ut
1490 1044 1746 1088 neminem

252 1110 559 1173 diligentius.
636 1109 866 1156 Cretensi
903 1109 1035 1156 bello
1076 1109 1289 1155 Metello
1327 1112 1632 1171 imperatore
1668 1124 1748 1154 oc-

251 1184 425 1223 tavum
451 1180 729 1239 principem
757 1176 902 1223 duxit
926 1192 938 1232 3
983 1183 1162 1239 postea
1187 1179 1239 1222 in
1266 1192 1319 1222 re
1347 1175 1578 1222 familiari
1606 1191 1749 1222 occu·

252 1251 401 1307 patus
432 1244 530 1290 fuit
555 1261 565 1290 z
613 1243 706 1290 hoc
737 1251 968 1306 tempore
999 1260 1113 1289 cum
1144 1247 1217 1289 rei
1246 1243 1478 1306 publicae
1503 1243 1748 1305 partibus,

252 1319 363 1357 tum
397 1319 488 1357 tua
523 1311 793 1357 excellenti
827 1311 1079 1374 dignitate
1114 1318 1395 1357 commotus
1430 1311 1536 1357 vult
1571 1326 1661 1372 per
1693 1317 1747 1356 te

253 1379 443 1441 aliquid
465 1382 779 1424 auctoritatis
804 1395 1075 1424 assumere.
1147 1378 1351 1424 Fortem
1374 1381 1552 1432 virum,
1574 1377 1748 1432 Brute,

251 1448 345 1492 tibi
381 1446 698 1501 commendo,
736 1446 867 1509 frugi
905 1445 1161 1491 hominem
1199 1452 1270 1500 et,
1306 1448 1347 1491 si
1384 1445 1504 1507 quid
1541 1445 1606 1491 ad
1641 1460 1748 1490 rem

252 1517 494 1576 pertinet,
521 1517 677 1559 etiam
708 1513 1013 1575 locupletem
1039 1531 1048 1559 :
1096 1519 1391 1576 pergratum
1417 1511 1538 1557 mihi
1569 1515 1683 1567 erit,
1707 1514 1747 1557 si

254 1597 372 1627 eum
404 1584 478 1627 ita
509 1584 758 1637 tractaris,
793 1588 849 1627 ut
882 1584 1063 1627 merito
1097 1587 1186 1627 tuo
1219 1578 1339 1626 mihi
1373 1583 1562 1645 gratias
1596 1594 1748 1642 agere

250 1651 422 1711 possit.

833 1849 951 1896 XVI
989 1849 1049 1912 (Ι.
1091 1849 1168 1912 11)

600 1992 656 2027 M.
694 1993 884 2025 BRUTUS
919 1993 956 2025 s.
995 1993 1042 2024 D.
1081 1993 1133 2024 M.
1172 1990 1402 2024 CICERONI

752 2085 803 2125 In
825 2086 994 2132 castris,
1018 2098 1150 2126 A.1J.C.
1174 2087 1251 2126 711

207 2189 227 2230 1
319 2182 518 2229 Veteris
551 2182 761 2229 Antistii
793 2181 906 2228 talis
940 2184 1134 2227 animus
1167 2184 1217 2226 in
1249 2196 1357 2226 rem
1389 2178 1658 2242 publicam,
1690 2185 1748 2226 ut

256 2266 354 2297 non
392 2250 640 2307 dubitem,
675 2252 796 2313 quin
831 2256 885 2296 et
919 2252 972 2295 in
1008 2249 1223 2295 Caesare
1260 2254 1314 2294 et
1347 2251 1400 2294 in
1434 2248 1658 2295 Antonio
1692 2262 1747 2294 se

314 2379 333 2398 ⁰
365 2379 500 2417 ‹59-67
525 2389 621 2423 13.C.,
642 2379 818 2427 against
837 2375 910 2415 the
931 2374 1092 2415 Cretan
1114 2376 1290 2426 pirates.

315 2433 331 2458 ὸ
363 2434 418 2482 Q.
440 2430 657 2471 Caecilius
682 2429 886 2470 Metellus
908 2430 1117 2475 Cra-licus,
1139 2428 1289 2468 consul
1311 2431 1363 2468 69
1386 2440 1466 2469 n.C.

317 2494 331 2512 ⁰
364 2487 412 2525 (3.
439 2485 656 2523 Antistius
680 2483 833 2530 Vetus,
857 2497 879 2522 a
905 2485 1066 2522 former
1089 2482 1234 2521 officer
1256 2482 1306 2521 of
1324 2481 1515 2526 Caesam
1556 2480 1745 2532 perhaps

256 2544 300 2578 to
324 2542 375 2579 bc
400 2538 622 2578 identified
648 2538 749 2577 with
774 2537 846 2577 the
868 2537 1019 2576 consul
1044 2537 1252 2576 suffectus
1274 2536 1324 2575 of
1341 2538 1395 2575 30
1419 2548 1497 2575 B.c.

252 2612 344 2653 670
