1868 3040
920 167 1173 216 CICERO

999 336 1094 384 XL

462 473 519 506 Μ.
554 473 600 505 Τ.
637 473 677 504 C.
713 472 752 504 S.
789 472 833 504 P.
871 472 918 503 D.
955 471 998 508 Q.
1037 471 1287 501 ANCHARIO
1323 470 1367 507 Q.
1404 470 1448 502 F.
1485 447 1646 503 PRoc}

823 573 1007 621 Romae,
1028 587 1160 613 mue.
1182 575 1279 613 699.

367 682 424 729 L.
453 689 506 728 et
530 681 584 728 O.
612 680 860 735 Aurelios,
887 679 943 725 L.
971 679 1112 734 filios,
1137 679 1318 741 quibus
1345 684 1398 725 et
1421 680 1540 740 ipsis
1566 684 1620 724 et
1644 684 1790 740 patre

304 766 496 804 eorum,
526 752 628 794 viro
664 751 874 809 optimo,
904 746 1287 792 familiarissime
1323 752 1454 800 utor,
1492 746 1790 792 commendo

303 818 396 863 tibi
425 820 666 862 maiorem
695 819 745 860 in
775 814 998 868 modum,
1024 813 1374 859 adulescentes
1403 813 1634 858 omnibus
1663 817 1791 874 opti-

302 888 396 930 mis
416 883 607 929 artibus
627 889 848 936 ornatos,
867 897 1006 927 meos
1027 883 1441 942 pernecessariOS,
1461 886 1552 925 tua
1571 883 1792 925 amicitia

303 951 653 1013 dignissimos>
688 948 739 995 Si
760 949 859 994 ulla
879 964 994 994 mea
1015 947 1150 1009 apud
1171 954 1223 993 te
1243 946 1616 993 commendatio
1635 946 1793 993 valuit

302 1018 502 1080 ——quod
552 1020 653 1062 scio
706 1016 891 1061 multas
950 1015 1217 1076 plurimum
1277 1012 1681 1059 valuisse—haec
1732 1020 1793 1060 ut

303 1085 489 1139 valeat,
519 1100 657 1146 rogo,
730 1083 879 1140 Quod
913 1086 953 1127 si
991 1098 1076 1128 eos
1112 1081 1381 1127 honorifice
1418 1080 1793 1142 liberaliterque

303 1155 553 1204 tractariS,
574 1158 626 1196 ct
652 1151 742 1196 tibi
768 1151 1076 1211 gratissimos
1101 1152 1420 1210 optimosque
1441 1147 1792 1194 adulescentes

304 1220 611 1267 adiunxeris,
636 1225 689 1263 et
712 1218 833 1262 mihi
857 1220 1198 1279 gratissimum
1221 1214 1416 1261 feceris.

989 1414 1110 1461 XLI

645 1548 701 1582 M.
737 1549 782 1581 T.
819 1549 859 1580 C.
897 1548 934 1580 S.
971 1548 1015 1580 P.
1053 1549 1099 1580 D.
1135 1547 1177 1579 L.
1214 1545 1457 1579 CULLEOLO

829 1652 1011 1698 Romae,
1033 1663 1165 1691 A.U.c.
1187 1652 1284 1690 695.

259 1769 281 1811 1
370 1759 516 1818 Quae
549 1758 711 1805 fecisti
750 1758 803 1803 L.
842 1757 1024 1803 Luccei
1057 1772 1225 1811 causa,
1258 1759 1382 1802 scire
1415 1761 1469 1801 te
1503 1754 1652 1817 plane
1686 1754 1796 1802 volo

306 1836 360 1876 te
387 1828 577 1875 homini
602 1829 887 1889 gratissimo
915 1824 1276 1878 commodasse,
1305 1830 1358 1869 et
1385 1838 1499 1868 cum
1526 1826 1636 1884 ipsi,
1664 1838 1795 1885 quae

307 1896 488 1950 fecisti,
510 1900 750 1957 pergrata
773 1898 909 1947 sunt,
932 1898 1041 1937 tum
1068 1890 1355 1952 Pompeius,
1378 1892 1795 1952 quotiescumque

307 1979 389 2010 me
413 1961 552 2009 videt
575 1960 736 2024 (videt
759 1966 932 2006 autem
956 1957 1148 2020 saepe),
1171 1960 1359 2020 gratias
1382 1956 1475 2002 tibi
1499 1959 1607 2019 agit
1628 1960 1796 2020 singu-

307 2030 451 2078 lares.
523 2027 673 2075 Addo
712 2030 867 2073 etiam
904 2025 1044 2081 illud,
1083 2025 1219 2087 quod
1256 2024 1349 2070 tibi
1385 2023 1795 2070 iucundissimum

369 2154 389 2173 ⁰
415 2147 611 2187 Tribune
630 2145 767 2185 ofthe
783 2143 906 2196 plebs
926 2145 969 2183 in
984 2145 1052 2190 59,
1073 2142 1197 2182 when
1216 2141 1269 2181 he
1287 2139 1483 2193 opposed
1503 2139 1678 2182 Caesar.
1726 2141 1797 2183 He

311 2215 401 2245 was
421 2205 596 2252 praetor
614 2202 656 2240 in
677 2202 745 2242 56.
766 2199 852 2238 and
873 2196 1105 2249 proconsul
1126 2199 1175 2235 of
1195 2195 1458 2235 Macedonia
1478 2196 1519 2234 in
1539 2198 1608 2234 55.

371 2257 386 2280 ²¹
418 2256 453 2296 Τ
457 2254 587 2307 yrrell
622 2253 822 2294 remarks
856 2253 953 2292 that
988 2252 1062 2292 the
1096 2250 1190 2291 title
1226 2251 1276 2290 of
1307 2247 1542 2301 proconsul
1576 2248 1682 2289 does
1718 2253 1794 2290 not

312 2309 575 2361 necessarssy
603 2307 743 2360 imply
772 2307 870 2347 that
898 2305 1119 2346 Culleolus
1149 2303 1237 2344 had
1267 2303 1378 2344 been
1407 2301 1573 2342 consul.
1637 2301 1677 2342 It
1704 2315 1793 2343 was

311 2365 562 2404 sometimes
591 2363 722 2415 given
753 2365 798 2401 to
829 2374 856 2400 a
886 2358 1127 2412 provincial
1158 2370 1375 2410 governor
1404 2358 1448 2396 in
1480 2355 1716 2396 command
1747 2358 1799 2398 of

312 2433 369 2458 an
391 2432 483 2457 arm
508 2431 532 2458 v.

370 2478 384 2497 ⁰
415 2431 520 2511 ‘l‘hi3s
552 2472 588 2511 is
619 2469 693 2510 the
726 2469 940 2509 Lucceius
971 2467 1116 2507 whom
1149 2466 1301 2505 Cicero
1332 2463 1471 2516 urged
1505 2467 1551 2505 to
1582 2465 1705 2505 write
1734 2474 1795 2506 an'

311 2531 498 2566 account
520 2525 569 2565 of
585 2525 657 2564 the
679 2523 915 2563 Catilinian
937 2523 1195 2574 conspiracy
1217 2525 1275 2570 (v.
1302 2520 1384 2566 1-2).

318 2597 408 2638 110
