1837 3029
832 165 1084 214 CICERO

212 296 369 340 citum
405 294 698 351 adduceres,
733 312 899 359 neque
934 296 986 343 id
1019 297 1290 343 arbitrarer
1323 296 1558 344 dubitare
1591 303 1706 344 tuos

215 379 536 431 necessariOS‚
565 384 770 440 rogatus
799 394 910 423 sum
939 394 969 423 a
996 377 1388 440 prudentissima
1416 385 1470 424 et
1498 378 1707 441 diligen-

218 459 409 502 tissima
440 456 646 513 femina,
676 464 839 504 matre
869 465 976 513 tua,
1005 461 1143 505 cuius
1173 474 1347 505 omnes
1376 475 1526 506 curae
1556 458 1621 505 ad
1652 465 1707 505 te

214 536 502 583 referuntur
540 545 592 584 et
623 541 674 584 in
704 546 758 585 te
795 546 1176 594 consumuntur,
1202 546 1259 586 ut
1296 542 1520 586 venirem
1552 539 1616 586 ad
1652 554 1706 586 se

214 634 258 664 a.
292 618 338 664 d.
372 634 480 665 vm.
521 619 632 666 Kal.
670 618 921 666 Sextiles:
989 620 1123 683 quod
1158 637 1271 684 ego,
1305 627 1363 667 ut
1397 620 1567 676 debui,
1601 623 1708 666 sine

215 716 352 745 mora
374 700 484 747 feci,
538 699 667 746 Cum
688 708 861 748 autem
883 704 1148 757 venissem,
1166 701 1323 748 Casca
1342 701 1520 748 aderat
1540 708 1594 748 et
1615 699 1709 746 La-

215 781 310 826 beo
337 789 388 827 et
421 781 666 843 Scaptius.
738 783 808 828 At
838 781 921 828 illa
946 782 1147 829 rettulit
1172 785 1541 845 quaesivitque,
1567 780 1710 845 quid-

215 877 331 907 nam
358 862 478 908 mihi
508 863 781 918 videretur,
808 879 1241 910 arcesseremusne
1266 870 1320 910 te
1350 870 1506 927 atque
1534 862 1586 909 id
1615 863 1708 909 tibi

214 943 494 990 conducere
537 950 850 1007 putaremus,
888 961 952 990 an
989 944 1192 991 tardare
1230 961 1287 991 ac
1323 946 1619 991 commorari
1656 949 1710 990 te

167 1030 191 1068 2
216 1025 393 1070 melius
416 1032 565 1072 esset.
628 1024 884 1088 Respondi
903 1025 971 1081 id,
993 1025 1128 1088 quod
1147 1026 1451 1081 sentiebam,
1472 1032 1526 1072 et
1550 1024 1711 1088 digni-

215 1110 310 1152 tati
332 1113 385 1152 et
406 1109 767 1153 existimationi
793 1113 913 1153 tuae
934 1110 1154 1153 maxime
1175 1106 1456 1153 conducere
1477 1113 1530 1153 te
1551 1109 1712 1168 primo

215 1203 417 1250 quoque
436 1194 666 1250 tempore
685 1186 816 1233 ferre
835 1187 1141 1250 praesidium
1160 1187 1352 1234 labenti
1371 1194 1424 1234 et
1442 1186 1711 1233 inclinatae

215 1285 378 1331 paene
403 1272 476 1315 rei
506 1268 737 1331 publicae
759 1284 770 1324 ;
806 1268 926 1331 quid
953 1271 1087 1314 enim
1116 1269 1292 1315 abesse
1318 1284 1492 1315 censes
1519 1267 1636 1314 mali
1661 1270 1712 1312 in

216 1365 276 1396 eo
306 1349 456 1406 bello,
481 1353 532 1395 in
559 1366 657 1412 quo
684 1352 896 1395 victores
924 1352 1175 1395 exercitus
1201 1348 1486 1413 fugientem
1512 1347 1711 1394 hostem

214 1435 451 1494 persequi
493 1430 745 1478 noluerint
788 1437 842 1476 et
882 1433 933 1476 in
976 1447 1075 1494 quo
1117 1429 1377 1477 incolumis
1419 1433 1711 1492 imperator,

215 1511 484 1559 honoribus
514 1511 829 1574 amplissimis
858 1510 1176 1574 fortunisque
1204 1514 1454 1566 maximis,
1481 1513 1713 1573 coniuge,

218 1594 401 1649 liberis,
439 1594 577 1640 vobis
616 1593 844 1639 affinibus
883 1599 1107 1648 ornatus,
1145 1592 1334 1639 bellum
1371 1595 1444 1639 rei
1481 1590 1712 1654 publicae

216 1675 455 1722 indixerit
479 1675 497 1721 ?
544 1673 679 1733 Quid
707 1673 871 1720 dicam
899 1673 927 1690 “
951 1677 1003 1720 in
1030 1680 1176 1720 tanto
1204 1680 1410 1720 senatus
1438 1672 1711 1736 populique

216 1755 515 1812 consensu,”
548 1772 663 1802 cum
696 1761 900 1802 tantum
932 1754 1154 1801 resideat
1186 1757 1319 1801 intra
1351 1771 1518 1801 muros
1552 1753 1711 1799 mali?

168 1844 192 1883 3
220 1837 448 1884 Maximo
481 1843 673 1892 autem,
706 1852 820 1882 cum
853 1835 979 1882 haec
1011 1836 1311 1891 scribebam,
1344 1835 1594 1882 officiebar
1625 1834 1711 1881 do-

218 1919 338 1973 lore,
361 1918 514 1981 quod,
534 1934 648 1963 cum
671 1933 752 1963 me
775 1934 865 1980 pro
889 1916 1268 1964 adulescentulo
1289 1933 1346 1963 ac
1369 1932 1531 1979 paene
1555 1931 1712 1978 puero

217 2016 295 2046 res
323 2000 522 2062 publica
549 2001 828 2061 accepisset
854 1998 1052 2053 vadem,
1080 2001 1161 2044 vix
1189 1997 1412 2052 videbar,
1440 1996 1574 2059 quod
1601 2012 1712 2059 pro-

219 2085 471 2135 miseram,
507 2086 767 2143 praestare
814 2096 975 2142 posse.
1059 2078 1154 2126 Est
1200 2085 1373 2125 autem
1415 2080 1612 2141 gravior
1657 2084 1711 2123 et

219 2162 458 2207 difficilior
499 2164 651 2207 animi
695 2167 749 2207 et
795 2162 1100 2214 sententiae,
1141 2162 1371 2206 maximis
1413 2161 1709 2220 praesertim

219 2246 267 2287 in
298 2243 464 2297 rebus,
495 2258 583 2304 pro
615 2241 773 2287 altero
805 2257 956 2303 quam
988 2244 1231 2302 pecuniae
1263 2239 1538 2302 obligatio:
1585 2237 1712 2284 haec

220 2326 354 2369 enim
384 2323 504 2369 solvi
534 2329 704 2383 potest
735 2329 787 2368 et
818 2328 895 2368 est
924 2324 994 2366 rei
1025 2320 1279 2367 familiaris
1309 2323 1501 2366 iactura
1530 2319 1711 2365 tolera-

830 2522 847 2541 ⁰
879 2516 1086 2568 Lepidus.

217 2591 309 2634 732
