1837 3029
854 182 1104 229 CICERO

235 318 376 371 ratis,
399 313 522 361 nihil
551 330 581 360 a
608 320 782 360 nostra
808 315 1044 375 opinione
1078 311 1374 358 dissentitis.
1440 310 1551 374 Ego
1587 310 1725 358 Mes·

235 392 410 439 saliam
432 391 634 438 Caesari
654 391 941 452 praestabo.
1011 388 1111 435 Sed
1134 387 1409 434 Memmius
1427 390 1480 434 in
1500 388 1724 435 adventu

237 469 465 516 Caesaris
491 468 649 514 habet
674 483 816 529 spem
839 481 852 521 3
895 469 947 511 in
973 483 1073 528 quo
1098 465 1239 511 illum
1264 471 1390 527 puto
1417 480 1584 511 errare
1607 480 1619 520 ;
1644 464 1723 511 hic

236 547 442 610 quidem
457 544 626 608 friget.
694 543 936 589 Scaurum
953 549 1126 588 autem
1140 541 1439 604 iampridem
1455 540 1724 604 Pompeius

186 632 212 669 4
237 625 437 671 abiecit.
507 622 605 668 Res
662 620 908 684 prolatae.
976 619 1058 666 Ad
1115 623 1464 681 interregnum
1521 623 1723 666 comitia

236 701 472 748 adducta.
541 699 730 744 Rumor
758 699 1019 744 dictatoris
1047 697 1348 743 iniucundus
1376 697 1520 742 bonis
1543 711 1555 752 ;
1601 696 1722 743 mihi

237 782 393 825 etiam
446 780 624 839 magis,
678 791 808 838 quae
861 774 1152 837 loquuntur.
1221 773 1322 820 Sed
1374 780 1485 819 tota
1537 789 1616 820 res
1670 781 1722 820 et

235 860 447 902 timetur
493 861 547 900 et
590 851 889 915 refrigescit.
957 851 1227 913 Pompeius
1271 850 1422 913 plane
1467 866 1521 896 se
1565 858 1723 914 negat

236 932 364 979 velle
388 948 399 987 ;
445 938 598 977 antea
623 933 730 992 ipse
758 928 880 975 mihi
905 945 1008 975 non
1033 929 1274 991 negabat.
1344 927 1522 974 Hirrus
1548 936 1723 975 auctor

236 1010 343 1056 fore
383 1009 598 1055 videtur.
668 1006 712 1054 O
753 1006 821 1063 di,
861 1022 1015 1070 quam
1052 1005 1289 1068 ineptus!
1331 1021 1484 1068 quam
1522 1021 1576 1051 se
1614 1008 1721 1068 ipse

236 1103 410 1134 amans
446 1089 554 1132 sine
589 1083 763 1130 rivali!
832 1082 1059 1129 Caelium
1095 1081 1432 1138 Vinicianum,
1466 1081 1722 1130 hominem

235 1163 358 1211 mihi
390 1163 640 1217 deditum,
671 1177 762 1223 per
792 1176 875 1206 me
907 1160 1172 1206 deterruit.
1241 1158 1396 1215 Velit,
1426 1158 1571 1216 nolit,
1597 1163 1722 1208 scire

237 1240 435 1288 difficile
465 1246 559 1286 est.
629 1238 777 1284 Hirro
805 1245 981 1284 tamen
1009 1243 1217 1299 agente,
1242 1235 1375 1282 nolle
1403 1251 1456 1282 se
1485 1253 1586 1283 non
1611 1254 1723 1300 pro-

235 1319 395 1366 babit.
464 1315 619 1363 Aliud
645 1314 740 1362 hoc
766 1322 998 1376 tempore
1027 1314 1091 1361 de
1118 1312 1378 1376 republica
1403 1312 1527 1359 nihil
1551 1313 1722 1378 loque-

186 1405 212 1443 5
233 1397 437 1443 bantur.
504 1393 773 1456 Agebatur
839 1391 1046 1454 quidem
1112 1397 1252 1437 certe
1319 1389 1457 1437 nihil.
1522 1389 1722 1439 Serrani

237 1473 519 1521 Domestici
562 1469 630 1516 fili
672 1468 824 1515 funus
866 1467 1246 1531 perluctuosum
1287 1466 1386 1514 fuit
1429 1484 1474 1515 a.
1519 1468 1568 1515 d.
1610 1484 1720 1518 vm.

187 1558 213 1598 6
240 1549 455 1597 Kalend.
474 1547 720 1594 Decemb.
765 1546 1018 1592 Laudavit
1036 1552 1184 1608 pater
1199 1547 1385 1607 scripto
1403 1560 1537 1594 meo.
1577 1545 1723 1594 Nunc

235 1629 300 1676 de
351 1626 560 1673 Milone.
628 1623 899 1686 Pompeius
948 1626 994 1670 ei
1041 1621 1165 1669 nihil
1210 1623 1408 1678 tribuit,
1455 1629 1510 1669 et
1554 1628 1724 1672 omnia

237 1705 441 1759 Cottae,
475 1704 700 1765 dicitque
734 1717 789 1748 se
822 1699 1188 1763 perfecturum,
1222 1706 1281 1747 ut
1313 1699 1398 1746 illo
1432 1699 1619 1747 Caesar
1649 1705 1723 1749 in-

235 1783 459 1830 cumbat.
528 1780 638 1826 Hoc
677 1778 851 1825 horret
894 1777 1037 1833 Milo,
1077 1793 1172 1824 nec
1209 1780 1408 1833 iniuria,
1448 1784 1521 1835 et,
1560 1781 1602 1825 si
1638 1778 1722 1828 ille

236 1861 456 1908 dictator
473 1856 639 1904 factus
659 1859 743 1912 sit,
760 1871 925 1918 paene
946 1855 1141 1902 diffidit.
1210 1854 1604 1902 Intercessorem
1621 1856 1723 1904 die-

298 2045 317 2065 ⁰
349 2037 529 2089 strictly
555 2035 788 2089 speaking,
808 2035 883 2075 the
912 2036 1210 2086 interr-equum
1237 2033 1382 2074 would
1411 2033 1517 2086 only
1543 2034 1723 2077 become

242 2107 472 2144 necessary
494 2091 619 2131 when
642 2091 715 2131 the
735 2089 909 2129 consuls
931 2089 1008 2129 left
1029 2089 1152 2129 office
1173 2092 1220 2129 at
1240 2088 1313 2128 the
1335 2087 1419 2128 end
1442 2088 1491 2128 of
1508 2089 1581 2129 the
1602 2103 1719 2141 year.

241 2179 340 2242 313¹.
375 2147 463 2239 ⁸1533u‘c
492 2145 650 2239 §ffel-GN
671 2143 918 2237 uitliguright,
948 2142 1037 2183 and
1064 2143 1139 2183 the
1166 2143 1463 2193 interreynum
1492 2142 1628 2183 lasted
1659 2144 1722 2185 till

305 2215 577 2304 oypr'o'bablif
599 2229 664 2292 he‘
675 2228 827 2291 means
850 2250 1063 2302 Pompey,
1087 2249 1176 2290 and
1198 2253 1275 2290 not
1296 2249 1468 2290 Hirrus.

301 2314 316 2334 ⁶
351 2306 421 2359 Cf.
454 2307 576 2346 Fam.
608 2307 696 2345 viii.
727 2310 766 2345 4.
799 2307 839 2352 3,
875 2304 1016 2344 where
1048 2304 1101 2343 lie
1131 2305 1165 2343 is
1197 2302 1446 2344 mentioned
1479 2316 1528 2344 as
1558 2303 1723 2357 having

243 2360 382 2425 urged
412 2360 487 2402 the
519 2359 805 2410 dictatorship
837 2357 886 2398 of
922 2357 1118 2409 Pompey
1153 2357 1254 2397 with
1294 2356 1534 2398 disastrous
1567 2358 1721 2399 results

241 2421 287 2458 to
300 2413 552 2519 giffffilijng
573 2480 692 2506 more
712 2468 746 2505 is
766 2464 930 2505 known
951 2464 999 2504 of
1016 2465 1121 2505 him.

301 2530 316 2548 ⁰
352 2523 414 2563 M.
440 2520 644 2562 Aurelius
665 2519 793 2560 Cotta
816 2518 914 2559 held
939 2518 1142 2559 Sardinia
1163 2517 1231 2558 for
1255 2517 1449 2571 Pompcy
1473 2519 1516 2558 in
1537 2521 1606 2561 49.

247 2589 343 2637 602
