1837 3029
166 639 186 681 1

839 168 1091 214 CICERO

795 296 917 342 xxl
955 296 1015 358 (1.
1056 296 1133 358 13)

559 440 612 472 M.
653 440 843 473 BRUTUS
881 440 918 471 s.
957 440 1005 472 D.
1045 440 1098 471 Μ.
1139 441 1368 471 CICERONI

715 532 766 572 In
789 533 956 579 castris,
980 545 1111 573 A.U.c.
1136 535 1211 572 711

279 631 357 677 De
396 630 468 675 M.
500 629 692 691 Lepido
723 631 883 675 vereri
915 645 997 674 me
1028 631 1162 691 cogit
1189 627 1492 690 reliquorum
1526 632 1711 675 timor:

219 721 303 781 qui
339 721 377 763 si
415 720 655 779 eripuerit
689 732 742 763 se
778 716 937 771 nobis,
973 715 1107 778 quod
1142 715 1291 761 velim
1325 722 1520 763 temere
1556 723 1710 778 atque

220 808 453 852 iniuriose
480 804 543 851 de
570 804 651 851 illo
677 806 914 866 suspicati
940 806 1040 849 sint
1064 801 1310 858 homines,
1335 820 1420 850 oro
1446 810 1601 866 atque
1620 803 1712 850 ob-

218 910 357 941 secro
394 899 465 948 te,
504 892 694 947 Cicero,
732 891 1157 937 necessitudinem
1196 897 1419 937 nostram
1467 898 1712 954 tuamque

219 986 269 1029 in
297 999 379 1029 me
408 981 815 1029 benevolentiam
844 981 1124 1036 obtestans,
1152 983 1329 1027 sororis
1358 997 1503 1027 meae
1531 980 1712 1028 liberos

221 1072 521 1120 obliviscaris
540 1088 647 1118 esse
667 1070 845 1133 Lepidi
869 1070 990 1117 filios
1008 1087 1191 1133 meque
1215 1073 1284 1116 eis
1302 1073 1351 1116 in
1372 1073 1528 1133 patris
1549 1070 1712 1118 locum

221 1165 514 1209 successisse
542 1164 800 1207 existimes
826 1177 836 1206 :
879 1159 972 1206 hoc
997 1163 1037 1206 si
1063 1177 1092 1206 a
1117 1167 1170 1206 te
1195 1163 1430 1222 impetro,
1455 1159 1577 1207 nihil
1602 1177 1714 1223 pro-

220 1251 356 1298 fecto
377 1251 631 1297 dubitabis
658 1266 747 1312 pro
767 1253 837 1296 eis
857 1253 1124 1311 suscipere.
1190 1249 1354 1295 Aliter
1373 1250 1453 1296 alii
1473 1267 1587 1297 cum
1613 1254 1712 1298 suis

224 1344 413 1396 vivunt,
433 1339 553 1386 nihil
575 1356 669 1404 ego
689 1356 891 1402 possum
911 1342 961 1385 in
981 1342 1157 1386 sororis
1178 1356 1322 1385 meae
1343 1339 1508 1387 liberis
1528 1339 1712 1397 facere,

222 1448 321 1494 quo
351 1433 507 1493 possit
537 1429 727 1492 expleri
758 1429 986 1476 voluntas
1017 1447 1132 1476 mea
1161 1436 1249 1475 aut
1278 1430 1508 1476 officium.
1577 1430 1713 1489 Quid

223 1537 339 1568 vero
370 1527 460 1567 aut
491 1518 611 1565 mihi
643 1520 865 1566 tribuere
899 1520 1014 1565 boni
1047 1523 1362 1581 possunt—si
1394 1520 1543 1566 modo
1574 1520 1713 1584 digni

221 1627 409 1666 sumus,
448 1610 628 1673 quibus
666 1609 854 1672 aliquid
891 1610 1299 1655 tribuatur—aut
1337 1626 1432 1673 ego
1469 1613 1619 1657 matri
1655 1627 1713 1658 ac

222 1703 374 1747 sorori
392 1702 662 1763 puerisque
680 1699 772 1745 illis·
792 1706 1138 1761 praestaturus
1157 1716 1285 1754 sum,
1303 1702 1343 1745 si
1363 1698 1482 1745 nihil
1502 1700 1714 1748 valuerit

222 1789 356 1852 apud
388 1773 442 1835 te
475 1789 825 1852 reliquumque
859 1796 1093 1834 senatum
1125 1796 1300 1834 contra
1332 1796 1530 1851 patrem
1566 1789 1713 1852 Lepi-

174 1887 199 1926 2
223 1879 344 1926 dum
366 1878 550 1925 Brutus
573 1878 844 1924 avunculus
869 1878 886 1923 ?
956 1877 1180 1924 Scribere
1204 1878 1364 1925 multa
1385 1878 1449 1926 ad
1471 1886 1523 1926 te
1547 1896 1712 1943 neque

223 1986 425 2032 possum
450 1985 571 2031 prae
597 1968 928 2015 sollicitudine
956 1985 1012 2014 ac
1038 1967 1296 2014 stomacho
1323 1985 1488 2031 neque
1515 1969 1677 2016 debeo
1701 1985 1713 2026 ;

225 2076 359 2114 nam,
395 2061 435 2106 si
470 2061 522 2104 in
558 2065 703 2104 tanta
739 2073 792 2104 re
830 2065 1038 2120 tamque
1077 2060 1356 2104 necessaria
1393 2059 1554 2105 verbis
1591 2058 1711 2105 mihi

224 2165 347 2211 opus
366 2155 443 2195 cst
460 2148 523 2194 ad
540 2155 591 2194 te
606 2147 928 2193 excitandum
949 2154 1001 2193 ct
1017 2147 1433 2203 confirmandum,
1447 2148 1581 2195 nulla
1597 2165 1710 2210 spes

225 2246 303 2285 est
333 2237 584 2284 facturum
615 2245 685 2293 tc,
717 2237 851 2300 quod
885 2237 991 2283 volo
1023 2245 1075 2283 et
1107 2238 1241 2300 quod
1271 2245 1506 2300 oportet:
1555 2256 1710 2301 quare

226 2328 322 2374 noli
363 2334 659 2390 exspectare
697 2327 869 2390 longas
907 2342 1118 2389 preces3
1168 2330 1365 2373 intuere
1408 2343 1490 2374 me
1529 2330 1710 2390 ipsum,

225 2420 310 2480 qui
335 2415 427 2463 hoc
454 2433 482 2462 a
511 2423 583 2472 te,
608 2416 688 2463 vel
713 2432 743 2462 a
774 2416 1032 2471 Cicerone,
1057 2419 1461 2464 coniunctissimo
1491 2416 1712 2474 homine,

225 2507 476 2567 privatim,
493 2503 571 2551 vel
590 2520 620 2550 a
639 2504 882 2551 consulari
904 2504 992 2551 tali
1011 2507 1112 2551 viro
1128 2511 1324 2551 remota
1340 2505 1711 2552 necessitudine

219 2586 313 2636 694
