1837 3029
190 1314 210 1352 1

284 755 366 806 M.
408 754 636 804 TULLI
678 754 1074 804 CICERONIS
1115 751 1670 804 EPISTULARUM

735 838 839 886 Al)
880 837 1212 886 BRUTUM

868 969 889 1016 1
927 969 1016 1033 (ΙΙ.
1058 970 1103 1033 1)

619 1114 674 1146 M.
711 1115 884 1145 CICERO
919 1114 956 1146 S.
995 1115 1041 1145 D.
1079 1114 1134 1146 M.
1173 1114 1335 1145 BRUTO

758 1207 941 1255 Romae,
964 1221 1095 1249 A.u.c.
1120 1211 1196 1248 711

302 1304 429 1352 Cum
460 1303 586 1350 haec
619 1305 917 1358 scribebam,
951 1321 1030 1350 res
1061 1304 1449 1350 existimabatur
1477 1305 1529 1349 in
1560 1308 1728 1348 extre-

234 1400 374 1430 mum
422 1383 642 1429 adducta
686 1383 987 1428 discrimen:
1061 1385 1231 1428 tristes
1279 1385 1413 1427 enim
1459 1380 1523 1428 de
1572 1380 1728 1426 Bruto

235 1468 405 1508 nostro
442 1461 644 1508 litterae
679 1463 945 1523 nuntiique
981 1459 1356 1507 afferebantur:
1406 1475 1488 1505 me
1523 1457 1728 1521 quidem

236 1557 335 1586 non
354 1544 572 1587 maxime
591 1540 990 1586 conturbabant:
1023 1538 1099 1585 his
1118 1542 1252 1585 enim
1274 1538 1576 1585 exercitibus
1594 1535 1728 1583 duci-

234 1620 447 1682 busque,
468 1635 591 1682 quos
611 1617 875 1673 habemus,
895 1617 1030 1663 nullo
1051 1617 1199 1663 modo
1219 1623 1451 1679 poteram
1470 1614 1693 1662 diffidere
1717 1629 1729 1660 t

237 1714 402 1760 neque
450 1698 763 1743 assentiebar
809 1699 983 1742 maiori
1030 1698 1162 1757 parti
1217 1694 1512 1740 hominum:
1578 1692 1729 1739 fidem

237 1779 371 1821 enim
414 1774 673 1821 consulum
717 1791 816 1819 non
859 1774 1279 1828 condemnabam,
1323 1788 1453 1836 quae
1496 1777 1730 1833 suspecta

237 1853 569 1899 vehementer
599 1860 724 1899 erat.
797 1852 1163 1898 Desiderabam
1195 1867 1295 1897 non
1325 1850 1470 1896 nullis
1501 1853 1552 1896 in
1581 1850 1731 1895 rebus

237 1931 561 1995 prudentiam
602 1938 655 1977 et
694 1931 1028 1985 celeritatem,
1070 1947 1170 1993 qua
1209 1933 1248 1976 si
1290 1935 1460 1975 essent
1500 1931 1592 1983 usi,
1632 1930 1731 1973 iam

239 2010 434 2073 pridem
476 2026 584 2055 rem
626 2009 879 2072 publicam
922 2024 1374 2070 rccuperasscmus.
1445 2005 1559 2053 Non
1598 2008 1731 2052 enim

239 2091 436 2149 ignoras
460 2095 651 2151 quanta
673 2094 933 2133 momenta
955 2090 1053 2132 sint
1077 2089 1126 2132 in
1149 2102 1201 2132 re
1224 2085 1424 2147 publica
1444 2091 1732 2146 temporum

242 2174 295 2212 et
331 2166 451 2228 quid
487 2169 685 2212 intersit
722 2165 856 2211 idem
892 2165 1012 2211 illud
1046 2172 1216 2210 utrum
1251 2171 1370 2210 ante
1407 2179 1471 2209 an
1503 2169 1618 2224 post
1647 2161 1734 2208 de-

240 2252 491 2298 cernatur,
530 2247 845 2305 suscipiatur,
885 2250 1080 2305 agatur.
1151 2242 1352 2296 Omnia,
1390 2257 1521 2303 quae
1559 2255 1732 2287 severe

241 2323 446 2368 decreta
469 2329 587 2367 sunt
609 2321 701 2366 hoc
724 2321 965 2375 tumultu,
988 2324 1026 2365 si
1050 2327 1156 2375 aut,
1180 2336 1278 2382 quo
1301 2319 1382 2365 die
1405 2319 1507 2365 dixi
1531 2325 1733 2364 senten-

305 2479 323 2497 ⁰
353 2474 559 2513 Decimus
603 2473 776 2517 Brutus,
816 2471 913 2512 who
953 2484 1041 2512 was
1079 2472 1213 2524 being
1251 2470 1455 2522 besieged
1493 2469 1554 2520 by
1599 2468 1732 2509 Mark

249 2530 430 2580 Antony
453 2530 496 2567 in
523 2528 714 2567 Mutina.

243 2599 334 2640 62⁶2
