1868 3040
907 187 1159 235 CICERO

236 314 643 363 2satisfacturos.
720 316 820 364 Sed
862 316 1193 364 vehementer
1233 334 1358 380 opus
1400 324 1480 365 est
1521 319 1680 375 nobis,
1723 325 1778 366 et

286 386 599 433 voluntatem
638 394 691 433 et
728 391 1086 434 auctoritatem
1123 394 1177 434 et
1212 391 1477 451 imperium
1515 395 1660 435 tuum
1698 405 1776 435 ac-

284 457 481 503 cedere,
543 457 692 515 Quod
721 465 778 503 ut
805 457 975 512 facias,
1002 465 1056 504 te
1086 461 1240 504 etiam
1270 465 1425 521 atque
1454 461 1607 504 etiam
1637 475 1773 521 rogo.

286 526 518 589 llludque
540 527 660 573 mihi
681 531 1020 591 gratissimum
1044 535 1139 583 est,
1160 529 1295 590 quod
1314 531 1387 574 ita
1407 531 1571 574 sciunt
1594 527 1774 574 Luccei

286 604 652 658 procuratores,
674 605 725 643 et.
747 601 817 644 ita
840 598 1081 644 Lucceius
1102 602 1209 660 ipse
1231 616 1292 644 ex
1313 598 1494 645 litteris
1514 601 1631 653 tuis,
1651 615 1774 660 quas

286 667 349 714 ad
388 684 503 713 cum
542 671 736 722 misisti,
773 669 1043 724 intellexit,
1081 668 1293 716 hominis
1330 668 1511 715 nullius
1550 669 1685 732 apud
1721 676 1773 715 te

284 741 641 784 auctoritatem
676 745 763 784 aut
796 741 1012 802 gratiam
1047 739 1211 785 valere
1245 738 1372 800 plus,
1405 755 1557 801 quam
1589 754 1771 785 meam.

285 806 346 855 Id
370 815 427 855 ut
449 824 504 855 re
529 811 837 871 experiatur,
860 813 1044 856 iterum
1071 816 1124 856 et
1146 812 1345 872 saepius
1369 816 1423 857 te
1446 825 1584 874 rogo.

938 1011 1114 1058 XLIII

585 1154 640 1188 Μ.
676 1156 721 1188 Τ.
758 1157 798 1187 C.
836 1157 872 1187 s.
912 1157 954 1187 P.
993 1158 1038 1187 D.
1077 1157 1281 1193 QU1NT10
1317 1155 1466 1188 GALLO

763 1269 947 1317 Romae,
971 1283 1098 1310 A.u.c.
1121 1272 1202 1310 696
1223 1269 1290 1320 (ἓ).

232 1390 252 1431 1
344 1385 452 1432 Etsi
476 1385 699 1448 plurimis
723 1387 872 1432 rebus
897 1403 1042 1448 spero
1066 1385 1190 1441 sore,
1216 1393 1272 1433 ut
1295 1389 1610 1448 perspiciam,
1633 1384 1768 1447 quod

279 1462 452 1502 tamen
487 1456 784 1518 iampridem
820 1460 1083 1518 perspicio,
1118 1473 1199 1502 me
1236 1473 1264 1502 a
1298 1464 1351 1503 te
1388 1460 1560 1511 amari,
1594 1463 1767 1502 tamen

278 1543 409 1572 nunc
449 1543 509 1572 ca
547 1543 697 1572 causa
735 1528 827 1574 tibi
875 1526 1042 1582 datur,
1079 1530 1131 1573 in
1170 1543 1270 1589 qua
1317 1525 1462 1573 facile
1511 1526 1766 1573 declarare

277 1600 433 1658 possis
477 1604 617 1643 tuam
663 1613 785 1660 erga
826 1613 909 1643 me
947 1596 1370 1644 benevolentiam.
1450 1595 1507 1643 L.
1553 1596 1764 1658 OppiuS‚

280 1667 352 1712 M.
388 1667 459 1721 F„
494 1666 755 1713 Philomeli
796 1670 1104 1730 negotiatur,
1143 1666 1294 1714 homo
1334 1665 1455 1712 mihi
1493 1664 1764 1714 familiaris.

277 1737 407 1782 Eum
440 1738 532 1783 tibi
563 1740 707 1783 unice
738 1737 1055 1792 commendo,
1087 1754 1249 1800 eoque
1279 1739 1458 1800 magis,
1488 1736 1624 1799 quod
1652 1752 1765 1782 cum

275 1811 438 1869 ipsum
472 1807 642 1871 diligo,
674 1815 783 1854 tum
816 1808 951 1871 quod
983 1811 1191 1871 negotia
1220 1814 1456 1869 procurat
1488 1806 1544 1853 L.
1578 1806 1765 1870 Egnati

277 1877 408 1933 Rufi,
430 1895 529 1941 quo
551 1895 646 1942 ego
670 1895 767 1925 uno
790 1882 962 1942 equite
986 1879 1211 1924 Romano
1232 1877 1614 1925 familiarissime
1635 1885 1765 1931 utor,

278 1955 332 1995 et
378 1952 463 2010 qui
509 1965 622 1995 cum
670 1949 1035 1995 consuetudine
1083 1949 1395 2011 quotidiana,
1441 1955 1551 1994 tum
1596 1947 1764 1994 officiis

228 2028 252 2066 2
278 2018 500 2079 plurimis
534 2022 866 2082 maximisque
902 2018 1020 2064 mihi
1053 2022 1348 2065 coniunctus
1382 2025 1474 2065 est.
1542 2017 1764 2080 Oppium

276 2092 430 2151 igitur
470 2096 792 2151 praesentem
834 2095 892 2136 ut
931 2088 1126 2152 diligas,
1167 2089 1354 2151 Egnati
1395 2088 1618 2135 absentis
1657 2104 1763 2133 rem

277 2166 334 2206 ut
362 2167 555 2214 tueare,
582 2176 744 2222 aeque
772 2176 801 2205 a
827 2166 880 2206 te
908 2166 1028 2221 pcto
1056 2175 1113 2205 ac
1139 2162 1178 2205 si
1205 2175 1320 2205 mea
1345 2161 1552 2221 negotia
1578 2164 1761 2204 essent.

338 2282 355 2300 ⁰
390 2275 610 2328 Probably
634 2290 660 2316 a
684 2276 850 2328 Ieyatus
874 2277 924 2316 of
946 2276 1141 2316 Marcius
1167 2276 1410 2327 Philippus,
1434 2275 1533 2315 who
1556 2288 1696 2316 seems
1717 2279 1763 2315 to

280 2329 517 2423 hag'csbeen·
531 2344 748 2424 g?ge0;nor
763 2331 814 2370 of
829 2331 946 2377 Asia,
965 2331 1044 2370 but
1066 2334 1108 2370 in
1126 2331 1244 2370 what
1260 2344 1364 2381 year
1379 2332 1412 2370 it
1428 2331 1462 2370 is
1486 2334 1561 2370 not
1584 2329 1760 2370 known.

341 2443 355 2462 ⁶
388 2398 566 2477 :XeIolx'rn
594 2415 786 2477 lie—timon
812 2438 1027 2488 Synnada
1050 2437 1138 2478 and
1166 2438 1379 2478 Iconium.

337 2491 355 2514 ά
390 2492 500 2532 Both
537 2492 713 2531 Marcus
741 2492 827 2531 and
857 2493 1050 2542 Quintus
1079 2492 1229 2532 Cicero
1258 2491 1345 2532 had
1375 2504 1535 2543 money
1561 2490 1761 2543 dealings

278 2545 382 2585 with
407 2546 637 2598 Egnatius.
689 2548 804 2597 (Aa.
829 2549 900 2586 vii.
930 2549 992 2587 18.
1017 2546 1078 2596 4.)

286 2617 376 2655 114
