1837 3029
851 187 1100 235 CICERO

230 317 364 365 Nihil
407 334 470 365 ex
514 322 693 365 nostris
737 318 1016 364 actionibus
1059 320 1415 379 praetermisit.
1493 316 1720 364 Fuerunt

230 385 451 432 nonnulli
484 385 642 431 aculei
672 389 721 430 in
752 384 805 431 C.
839 384 1125 438 Caesarem,
1155 383 1491 430 contumeliae
1521 387 1572 430 in
1602 383 1719 430 Gel-

228 452 367 508 lium,
396 452 827 514 expostulationes
856 469 967 497 cum
998 453 1208 497 absente
1239 450 1493 513 Pompeio.
1557 450 1719 497 Causa

228 535 338 565 sero
373 527 624 581 perorata,
661 522 940 564 sententias
977 535 1029 564 se
1065 526 1359 581 rogaturum
1396 521 1619 581 negavit,
1655 535 1718 564 ne

227 587 359 648 qnod
378 604 500 631 onus·
519 586 787 631 simultatis
804 586 945 632 nobis
962 589 1261 648 imponeret.
1312 585 1389 631 Ex
1406 588 1717 647 superiorum

228 661 514 715 temporum
555 656 803 708 conviciis,
845 659 899 699 et
939 668 1002 698 ex
1041 655 1297 715 praesenti
1339 651 1555 707 silentio,
1596 653 1716 715 quid

226 727 431 766 senatus
473 723 705 774 sentiret,
742 735 795 765 se
836 719 1136 782 intellegere
1175 719 1322 766 dixit.
1393 718 1511 765 Ilico
1549 722 1718 780 coepit

226 787 524 843 dimittere,2
579 803 691 833 cum
745 786 1086 841 Marcellinus,
1134 785 1252 841 noli,
1300 789 1481 848 inquit,
1531 802 1593 831 ex
1641 793 1718 832 ta-

227 857 522 900 citurnitate
568 861 756 909 nostra,
804 853 965 915 Lupe,
1011 853 1132 916 quid
1177 860 1266 900 aut
1310 853 1580 916 probemus
1625 851 1719 899 hoc

226 928 457 983 tempore
495 928 583 967 aut
619 921 978 982 improbemus,
1012 921 1249 967 iudicare.
1319 920 1447 983 Ego,
1483 919 1619 982 quod
1655 919 1719 966 ad

226 1004 308 1034 me
343 991 548 1043 attinet,
579 988 817 1050 idemque
851 989 1065 1034 arbitror
1095 994 1309 1042 ceteros,
1341 987 1523 1033 idcirco
1555 994 1719 1041 taceo,

227 1055 363 1117 quod
386 1071 485 1101 non
509 1057 760 1110 existimo,
783 1071 897 1101 cum
921 1054 1190 1117 Pompeius
1214 1055 1363 1110 absit,
1386 1070 1589 1100 causam
1612 1056 1720 1117 agri

227 1121 472 1184 Campani
493 1125 574 1185 agi
595 1125 876 1168 convenire.
931 1122 1059 1168 Tum
1080 1121 1161 1168 ille
1183 1138 1235 1167 se
1257 1128 1491 1167 senatum
1512 1123 1720 1184 negavit

177 1194 202 1234 2
226 1195 418 1235 tenere.
473 1188 689 1235 Racilius
708 1192 942 1244 surrexit,
962 1196 1015 1235 et
1034 1189 1096 1236 de
1114 1189 1307 1235 iudiciis
1326 1186 1514 1235 referre
1533 1191 1716 1250 coepit.

229 1255 579 1301 Marcellinum
598 1256 803 1318 quidem
819 1259 1034 1318 primum
1052 1259 1262 1318 rogavit.
1303 1255 1350 1302 Is
1367 1272 1480 1301 curn
1497 1258 1719 1318 graviter

227 1323 290 1369 de
314 1322 565 1369 Clodianis
587 1323 846 1377 incendiis,
869 1323 1305 1377 trucidationibus,
1326 1322 1718 1384 lapidationibus

227 1397 436 1451 questus
492 1397 643 1445 esset,
697 1392 1006 1435 sententiam
1059 1390 1205 1444 dixit,
1260 1396 1316 1435 ut
1369 1393 1475 1451 ipse
1529 1388 1718 1435 iudices

228 1463 431 1518 praetor
490 1456 733 1502 urbanus1
792 1460 1091 1512 sortiretur3
1164 1456 1384 1502 iudicum
1455 1457 1718 1502 sortitione

226 1522 380 1579 facta,
409 1526 612 1569 comitia
640 1522 950 1569 haberentur
974 1539 984 1578 ;
1032 1526 1117 1586 qui
1146 1524 1328 1570 iudicia
1357 1523 1720 1585 impedivisset,

228 1606 345 1636 eum
370 1597 544 1637 contra
568 1590 930 1652 rempublicam
957 1606 1066 1636 esse
1092 1589 1359 1636 facturum.
1421 1589 1719 1652 Approbata

227 1656 373 1704 valde
417 1661 690 1712 sententia,
736 1657 790 1704 C.
839 1657 966 1704 Cato
1010 1665 1185 1703 contra
1230 1657 1376 1711 dixit,
1421 1663 1475 1703 et
1520 1656 1718 1702 Cassius

227 1727 448 1770 maxima
483 1724 843 1770 acclamatione
879 1731 1102 1779 senatus,
1138 1741 1251 1770 curn
1287 1726 1491 1770 comitia
1525 1723 1718 1769 iudiciis

177 1796 204 1838 3
230 1789 522 1837 anteferret.
617 1790 874 1853 Philippus
934 1794 1147 1837 assensit
1207 1790 1441 1838 Lentulo.
1534 1788 1720 1836 Postea

291 1919 301 1940 ¹
340 1919 570 1959 Mammas
591 1936 601 1959 ἓ
635 1932 711 1970 per
733 1922 978 1970 praetorem
1003 1919 1223 1959 urbanum
1247 1930 1346 1959 MSS.

234 1971 496 2067 T.}²„f⁹2}²}²²
557 1972 821 2024 intellegere.
903 1973 1024 2012 Dixit
1067 1972 1191 2013 Milo.
1273 1972 1429 2024 Coepit
1482 1970 1717 2012 dimittere.

291 2198 310 2217 ⁰
341 2192 509 2234 Gellius
532 2193 769 2245 Poplicola,
792 2207 849 2233 an
871 2193 1086 2234 adherent
1107 2193 1157 2234 of
1174 2193 1368 2234 Clodius.

294 2246 309 2270 ¹²
341 2248 420 2287 Cn.
457 2246 683 2288 Cornelius
719 2247 932 2288 Lentulus
970 2247 1268 2295 Marcellinus,
1303 2246 1457 2288 consul
1490 2246 1720 2298 designate

233 2299 301 2340 for
321 2301 393 2340 thc
416 2300 640 2354 following
660 2314 779 2353 year,
801 2305 870 2342 56.

292 2359 306 2378 ⁶
339 2354 388 2394 L.
413 2353 620 2403 Racilius,
639 2368 666 2394 a
683 2355 858 2396 tribune
876 2354 965 2396 and
984 2368 1010 2395 a
1028 2355 1215 2396 staunch
1234 2358 1468 2408 supportet·
1485 2353 1534 2394 of
1549 2352 1714 2393 Cicero.

291 2406 310 2432 ‘¹
342 2409 403 2447 As
425 2407 578 2448 consul
598 2407 838 2459 designate.

291 2467 307 2486 ⁰
337 2462 421 2508 i.e.‚
446 2461 629 2503 without
650 2462 725 2503 the
744 2464 984 2502 assistance
1006 2462 1054 2502 of
1072 2462 1145 2503 the
1168 2465 1409 2514 quaestors.

289 2515 307 2543 t
340 2516 374 2554 Α
403 2514 605 2562 tribune;
638 2516 693 2567 cf.
720 2515 768 2564 Q.
796 2516 870 2556 Fr.
897 2518 920 2556 i.
945 2520 984 2556 Q.
1016 2520 1077 2556 15.

238 2582 330 2627 478
