1837 3029
867 149 1119 197 CICERO

196 286 222 326 2
248 285 358 325 erat
398 280 492 326 tibi
534 278 584 325 id
627 285 819 325 notum.
889 278 1059 336 Quare
1103 282 1236 324 omni
1277 278 1445 326 studio
1487 294 1517 325 a
1557 285 1629 333 te,
1669 281 1737 325 mi

248 346 420 401 Brute,
460 346 729 400 contendo,
770 353 826 392 ut
866 346 1159 391 Ciceronem
1199 362 1369 392 meum
1407 363 1470 393 ne
1510 345 1737 393 dimittas

246 421 518 475 tecumque
545 414 782 467 deducu&
808 413 941 475 quod
967 417 1147 475 ipsum,
1172 416 1211 459 si
1236 430 1341 459 rem
1367 413 1635 475 publicam,
1659 416 1738 459 cui

244 488 507 543 susceptus
535 497 604 535 es,
625 483 844 542 respicis,
866 481 957 526 tibi
978 484 1077 526 iam
1103 484 1304 542 iamque
1330 479 1617 526 faciendum
1643 486 1736 527 est.

245 547 501 594 Renatum
524 551 657 593 enirn
683 547 871 593 bellum
899 554 993 602 est,
1012 547 1164 609 idque
1191 564 1290 593 non
1316 564 1525 609 parvum
1550 547 1736 593 scelere

247 615 426 677 Lepidi
452 632 462 669 ;
507 618 756 660 exercitus
784 622 956 660 autem
984 614 1227 670 Caesaris,
1254 618 1338 677 qui
1365 621 1474 660 erat
1500 617 1737 676 optimus,

245 699 345 728 non
380 682 528 727 modo
565 681 682 727 nihil
718 682 941 743 prodest,
975 682 1064 727 sed
1100 685 1254 727 etiarn
1288 685 1423 745 cogit
1458 685 1736 728 exercitum

243 757 389 796 tuum
412 749 644 811 flagitari,
666 753 750 811 qui
769 752 809 794 si
831 749 1030 795 Italiam
1051 752 1298 811 attigerit,
1318 753 1414 795 erit
1432 752 1548 795 civis
1570 764 1736 804 nemo,

244 833 397 879 quem
431 817 635 878 quidem
667 820 827 861 civem
860 816 1101 878 appellari
1132 816 1207 862 fas
1239 819 1320 872 sit,
1354 819 1438 878 qui
1469 832 1522 862 se
1555 832 1654 862 non
1686 819 1736 862 in

242 892 332 930 tua
378 892 541 929 castra
588 882 831 930 conferat.
914 884 1025 929 Etsi
1067 883 1280 929 Brutum
1321 884 1575 945 praeclare
1622 899 1735 929 cum

244 951 427 997 Planco
455 955 778 997 coniunctum
804 949 1068 1006 habemus,
1096 951 1185 997 sed
1213 967 1311 997 non
1338 954 1555 1014 ignoras,
1583 967 1735 1013 quam

241 1022 342 1065 sint
371 1022 549 1064 incerti
581 1025 633 1064 et
659 1021 810 1064 animi
836 1017 1096 1064 hominum
1118 1017 1293 1064 infecti
1319 1019 1545 1080 partibus
1573 1025 1626 1064 et
1652 1034 1736 1064 ex—

243 1089 342 1131 itus
368 1085 686 1148 proeliorum.
758 1085 892 1143 Quin
919 1089 1092 1141 etiam,
1112 1089 1169 1140 si,
1190 1093 1247 1132 ut
1271 1102 1434 1147 spero,
1455 1088 1734 1140 vicerimus,

241 1160 416 1199 tamen
465 1169 704 1215 magnam
756 1154 1179 1216 gubernationem
1232 1156 1306 1199 tui
1356 1152 1543 1199 consilii
1592 1159 1735 1199 tuae-

242 1237 341 1282 que
371 1223 686 1266 auctoritatis
713 1236 791 1266 res
821 1220 1129 1266 desiderabit
1154 1237 1164 1266 :
1209 1221 1419 1266 subveni
1447 1223 1617 1282 igitur,
1645 1236 1735 1282 per

241 1287 380 1342 deos,
410 1287 562 1349 idque
595 1303 747 1348 quam
780 1291 1015 1349 primum,
1045 1288 1239 1349 tibique
1270 1287 1517 1349 persuade
1548 1303 1648 1332 non
1680 1294 1733 1333 te

243 1354 414 1400 Idibus
451 1354 666 1408 Martiis,
699 1355 878 1416 quibus
909 1358 1207 1400 servitutem
1239 1371 1267 1400 a
1298 1357 1396 1400 tuis
1428 1355 1615 1400 civibus
1647 1354 1732 1400 de-

241 1422 429 1484 pulisti,
471 1422 579 1483 plus:¹
623 1421 866 1483 profuisse
901 1425 1094 1483 patriae
1129 1438 1298 1484 quarn,
1330 1425 1370 1468 si
1412 1428 1610 1468 mature
1651 1437 1733 1468 ve-

240 1492 389 1543 neris,
416 1488 748 1551 profuturum.
819 1505 872 1535 11.
906 1489 1022 1535 Idus
1052 1489 1345 1547 Quinctiles.

794 1814 964 1860 XXIV
1000 1814 1060 1877 (Ι.
1102 1815 1179 1878 15)

629 1957 683 1989 M.
722 1959 894 1989 CICERO
930 1958 967 1989 S.
1005 1959 1051 1990 D.
1089 1958 1143 1990 M.
1181 1958 1344 1989 BRUTO

762 2050 944 2096 Romae,
969 2063 1099 2090 A.U.C.
1124 2053 1200 2091 711

188 2156 202 2191 1
304 2145 594 2193 Mescauam
622 2144 777 2191 habes
803 2163 812 2192 t
859 2147 1038 2207 quibus
1066 2149 1219 2209 igitur
1246 2146 1424 2192 litteris
1452 2152 1559 2192 tam
1586 2163 1727 2193 accu-

236 2221 345 2260 rate
383 2217 576 2275 scriptis
614 2217 811 2275 assequi
849 2230 1067 2274 pos-sum,
1104 2213 1332 2259 subtilius
1370 2220 1426 2259 ut
1463 2214 1726 2276 explicem,

237 2297 366 2343 quac
396 2288 638 2343 gerantur
665 2297 897 2342 quaeque
926 2284 1025 2326 sint
1053 2284 1102 2326 in
1130 2298 1182 2327 re
1212 2281 1427 2342 publica,
1456 2298 1604 2343 quam
1636 2283 1725 2327 tibi

240 2501 264 2541 (
301 2454 319 2471 ‘²
349 2447 489 2540 'l'lffise
518 2451 604 2487 two
632 2446 939 2486 commanders
967 2446 1253 2498 temporarily
1275 2446 1425 2498 joined
1455 2446 1598 2487 hands
1624 2460 1730 2489 near

266 2514 389 2541 JI‘CHO
441 2517 476 2541 e.

235 2573 328 2614 702
