1868 3040
872 168 1124 216 CICERO

256 303 415 350 Valde
439 300 556 347 mihi
582 307 783 361 gratum
809 302 921 353 erit,
943 300 982 343 si
1005 298 1208 350 curaris,
1232 301 1288 340 ut
1309 293 1592 356 intellegat,
1613 292 1742 340 hanc

255 369 748 417 commendationem
794 366 887 412 sibi
936 364 1071 426 apud
1118 369 1171 409 te
1218 378 1404 425 magno
1450 361 1744 407 adiumento

256 437 427 485 fuisse.

908 538 1101 585 XLVII

700 663 755 695 M.
791 663 836 694 T.
873 664 914 693 C.
951 662 987 693 S.
1026 662 1069 692 P.
1108 662 1153 692 I).
1191 660 1314 691 SILIO

747 757 929 802 Romae,
953 768 1084 794 A.u.c.
1108 757 1190 794 703
1211 754 1279 804 (Ρ).

331 856 466 915 Quid
513 871 608 917 ego
652 853 745 899 tibi
789 850 1141 897 commendem
1188 865 1303 894 eum
1349 864 1501 911 quem
1546 855 1605 895 tu
1647 851 1755 911 ipse

267 924 472 987 diligis?
536 920 635 967 Sed
665 927 856 970 tamen,
888 924 944 963 ut
973 920 1140 969 scires,
1172 932 1285 962 eum
1319 932 1348 961 a
1377 931 1458 961 me
1489 932 1588 961 non
1617 915 1756 978 diligi

267 992 446 1045 solum,
486 1004 656 1034 vcrum
697 990 849 1033 etiam
892 987 1065 1038 amari,
1104 984 1168 1029 ob
1208 999 1317 1028 eam
1358 998 1465 1028 rem
1502 983 1594 1029 tibi
1633 981 1758 1028 haec

268 1059 444 1105 scribo.
514 1056 753 1102 Omnium
787 1060 988 1099 ’tuorum
1023 1051 1312 1104 officiorum,
1347 1065 1478 1111 quae
1513 1056 1569 1110 et·
1599 1049 1760 1109 multa

272 1133 326 1172 et
356 1140 543 1186 magna
571 1128 707 1175 suut,
737 1119 858 1165 mihi
888 1121 1226 1181 gratissimum
1260 1115 1430 1172 suerit,
1460 1119 1500 1162 si
1529 1119 1603 1162 ita
1632 1123 1760 1162 trac-

272 1195 392 1238 taris
426 1191 720 1253 Egnatium,
753 1194 810 1233 ut
841 1189 1048 1239 sentiat,
1081 1191 1135 1230 ct
1166 1200 1219 1230 se
1253 1200 1283 1229 a
1315 1199 1413 1238 me,
1447 1190 1501 1229 et
1531 1199 1614 1228 me
1648 1199 1677 1229 a
1707 1189 1762 1229 te

273 1261 445 1305 amari.
507 1257 616 1301 Hoc
641 1262 694 1301 te
721 1253 1052 1300 vehementer
1078 1255 1233 1297 ctiam
1260 1257 1415 1312 atque
1443 1253 1595 1296 etiam
1623 1266 1760 1312 rogo.

276 1326 367 1372 Illa
390 1330 559 1370 nostra
581 1322 771 1368 scilicet
791 1320 1098 1366 ceciderunt.
1160 1318 1376 1364 Utamur
1395 1320 1552 1379 igitur
1572 1316 1763 1380 vulgari

273 1391 633 1444 consolatione,
670 1387 782 1451 quid
817 1386 857 1433 si
893 1387 976 1432 hoc
1012 1384 1214 1431 melius?
1282 1384 1382 1430 Sed
1419 1384 1544 1430 haec
1579 1401 1762 1430 coram.

273 1459 349 1506 Tu
383 1457 479 1514 fac,
512 1454 818 1520 quodvfacis,
851 1460 909 1500 ul:
940 1469 1023 1499 me
1056 1468 1212 1507 ames,
1243 1458 1399 1514 teque
1433 1454 1589 1497 amari
1622 1467 1652 1497 a
1682 1467 1764 1498 me

277 1542 419 1573 scias.

911 1646 1132 1694 XLVIII

428 1775 483 1806 M.
518 1774 563 1805 T·
600 1774 641 1804 C.
677 1773 714 1803 S.
753 1772 796 1803 P.
835 1772 881 1803 D.
918 1771 959 1801 C.
996 1770 1215 1800 SEXTILIO
1253 1770 1382 1801 RUFO
1417 1769 1618 1806 QUAEST.

739 1865 923 1911 Romae,
944 1877 1076 1903 A.u.c.
1100 1865 1309 1902 704-T07.

344 1964 535 2011 Omnes
555 1963 646 2008 tibi
666 1959 964 2006 commendo
985 1958 1212 2020 Cyprios,
1231 1958 1321 2004 sed
1340 1960 1499 2021 magis
1520 1956 1735 2020 Paphios
1757 1973 1770 2015 ;

281 2032 462 2094 quibus
482 2037 536 2076 tu
555 2044 904 2091 quaecumque
923 2026 1271 2080 commodaris,
1289 2035 1438 2071 erunt
1455 2024 1573 2070 mihi
1592 2029 1770 2088 gratis-

281 2103 421 2146 sima.
477 2097 655 2158 quue
676 2094 804 2140 facio
828 2094 1080 2145 libentius,
1104 2099 1160 2139 ut
1183 2109 1266 2138 eos
1292 2093 1378 2138 tibi
1402 2093 1770 2149 commendem,

291 2269 324 2310 P
347 2221 364 2239 ⁰
390 2213 620 2308 {pm-baffiy
649 2213 695 2254 P.
727 2212 860 2254 Silius
892 2211 1053 2257 Nerva.
1082 2219 1340 2263 propraetor
1371 2210 1421 2250 of
1448 2209 1658 2261 Bithynia
1682 2180 1771 2252 and

327 2283 381 2308 on
409 2282 457 2308 us
481 2282 520 2307 in
605 2301 610 2306 .

350 2323 364 2344 '²
399 2322 619 2371 Probably
636 2334 757 2361 some
773 2319 923 2360 efforts
939 2319 989 2360 of
1001 2317 1152 2360 Cicero
1169 2324 1213 2358 to
1230 2330 1385 2369 escape
1400 2317 1514 2357 from
1532 2318 1773 2369 provincial

287 2380 709 2470 ἓοῖρῖἰῃυῐῗιῗεῃέεεῐῃς
741 2432 783 2467 io
813 2427 923 2467 have
950 2426 1059 2466 been
1091 2429 1181 2466 sen!
1214 2429 1291 2465 out
1319 2429 1364 2465 io
1393 2425 1567 2477 Cyprus
1595 2438 1643 2466 as
1675 2439 1774 2478 pro-

290 2488 496 2536 quaesior
526 2483 582 2532 by
612 2482 774 2522 Caeqar
801 2484 842 2520 in
875 2484 943 2520 49.
1010 2480 1089 2519 We
1119 2480 1225 2519 hear
1250 2479 1302 2520 os
1326 2478 1416 2519 him
1447 2477 1554 2518 later
1580 2491 1630 2519 as
1655 2491 1767 2520 com-

291 2537 474 2578 mander
497 2538 547 2577 of
566 2537 638 2577 the
660 2538 755 2577 fleet
779 2537 830 2575 of
848 2535 1024 2575 Cassius
1048 2547 1089 2573 in
1113 2537 1182 2574 43.

296 2608 389 2649 120
