1837 3029
844 196 1097 244 CICERO

222 331 363 375 sociis
402 331 679 390 scripturae
720 325 839 372 mihi
880 342 1074 372 summa
1116 325 1435 372 necessitudo
1476 331 1571 378 est,
1611 339 1707 370 non

221 395 381 442 solum
424 395 488 441 ob
531 411 643 441 eam
685 410 905 447 causam,
948 393 1081 455 quod
1125 409 1185 439 ea
1225 396 1438 439 societas
1480 394 1711 438 universa

220 465 271 508 in
298 479 413 509 mea
440 461 538 508 fide
567 468 662 516 est,
688 461 778 507 sed
805 463 958 506 etiam
987 459 1123 521 quod
1149 459 1400 521 plerisque
1427 462 1569 505 sociis
1596 464 1711 504 utor

218 527 617 575 familiarissime.
685 527 766 574 Ita
798 534 852 573 et
885 527 1163 588 Hisponem
1196 542 1365 572 meum
1398 542 1490 588 per
1521 541 1710 572 me·or·

220 599 350 642 naris
376 603 429 642 et
450 598 748 642 societatem
771 593 891 639 mihi
916 597 1307 640 coniunctiorem
1333 592 1529 648 feceriS‚
1550 599 1710 655 tuque

219 666 325 724 ipse
363 669 416 708 et
451 678 513 708 ex
549 661 695 707 huius
731 661 1050 707 observantia
1085 663 1355 723 gratissimi
1391 659 1622 714 hominis,
1658 665 1712 705 et

221 746 282 775 ex
314 732 558 775 sociorum
588 731 770 791 gratia,
800 727 1057 774 hominum
1090 727 1525 788 amplissimorum,
1553 728 1711 772 maxi-

220 813 356 841 mum
375 794 593 841 fructum
614 798 798 857 capieS,
819 802 870 840 et
891 811 970 840 me
991 811 1186 839 summo
1206 793 1450 840 beneficio
1469 792 1708 840 affeceris.

223 862 301 907 Sic
351 866 482 908 enim
535 862 682 908 velini
733 865 1008 917 existimes,
1052 878 1113 906 ex
1164 868 1274 907 tota
1322 868 1411 907 tua
1459 863 1712 922 provincia

218 932 456 992 oninique
493 932 588 975 isto
621 932 849 991 imperio,
882 928 1003 974 nihil
1037 944 1163 983 esse,
1197 928 1332 990 quod
1366 926 1485 973 mihi
1518 930 1711 991 gratius

220 995 386 1043 facere
410 999 583 1060 possis.

880 1168 1042 1216 LXVI

494 1318 548 1351 Μ.
585 1319 631 1351 Τ.
668 1321 708 1351 C.
745 1320 782 1351 S.
821 1319 867 1350 D.
906 1319 948 1350 P.
986 1319 1209 1350 SERVILIO
1245 1320 1423 1351 PROPR.

732 1411 916 1458 Romae,
938 1425 1070 1452 A.u.c.
1093 1414 1188 1451 709.

287 1517 349 1564 A.
383 1516 650 1563 Caecinam
683 1520 903 1563 maxime
935 1520 1191 1578 proprium
1223 1516 1460 1564 clientem
1492 1515 1712 1579 familiae

225 1591 421 1631 vestrae
447 1601 545 1630 non
579 1584 985 1630 commendarem
1019 1584 1129 1638 tibi,
1153 1600 1265 1630 cum
1289 1587 1472 1630 scirem
1491 1581 1712 1647 quafide

225 1654 273 1697 in
295 1658 427 1706 tuos,
449 1668 546 1713 qua
569 1651 838 1698 clementia
859 1654 909 1696 in
931 1650 1245 1697 calamitosos
1266 1648 1450 1698 soleres
1473 1667 1601 1706 esse,
1620 1653 1712 1698 nisi

226 1735 308 1764 me
358 1725 411 1764 et
459 1721 615 1780 patris
666 1721 790 1773 eius,
840 1735 939 1780 quo
988 1735 1098 1764 sum
1148 1716 1530 1765 familiarissime
1579 1733 1714 1771 usus,

224 1788 484 1840 memoria,
518 1792 571 1831 et
602 1784 748 1831 huius
784 1783 986 1831 fortuna
1023 1788 1094 1831 ita
1131 1792 1376 1840 moveret,
1409 1792 1466 1831 ut
1500 1783 1713 1831 hominis

225 1852 456 1898 omnibus
515 1868 715 1898 mecum
772 1851 950 1897 studiis
1001 1852 1271 1914 officiisque
1324 1854 1714 1899 coniunctissimi

225 1935 427 1965 movere
459 1919 698 1965 debebat.
767 1919 810 1964 A
844 1925 896 1964 te
928 1917 1022 1964 hoc
1053 1922 1187 1964 omni
1218 1921 1544 1966 contentione
1575 1925 1714 1980 peto,

225 1989 311 2040 sic,
338 1993 393 2032 ut
430 1989 618 2032 maiore
651 2002 786 2040 cura,
811 1988 999 2031 maiore
1023 1989 1176 2031 animi
1201 1985 1370 2032 labore
1403 1992 1581 2048 petere
1615 2001 1714 2047 non

226 2056 428 2116 possim,
464 2060 521 2100 ut
558 2053 622 2100 ad
658 2069 735 2108 ea,
771 2069 901 2114 quae
938 2060 1028 2098 tua
1062 2059 1243 2114 sponte
1277 2055 1385 2099 sine
1420 2056 1713 2115 cuiusquam

289 2217 308 2235 ⁸
341 2211 387 2250 P.
421 2211 630 2252 Servilius
660 2211 793 2251 Vatia
825 2211 1058 2257 Isauricus,
1089 2224 1167 2251 son
1199 2212 1250 2251 of
1275 2210 1348 2251 the
1377 2210 1587 2251 Servilius
1616 2210 1715 2251 who

230 2264 391 2315 gained
417 2265 490 2305 the
513 2265 607 2305 title
631 2265 690 2317 by
716 2265 782 2305 his
806 2267 973 2316 victory
997 2279 1100 2305 over
1124 2265 1196 2305 the
1220 2266 1382 2316 pirates
1406 2266 1457 2305 of
1478 2265 1647 2305 Isauria
1670 2266 1713 2305 in

232 2322 300 2365 78,
331 2332 419 2358 was
448 2321 491 2358 in
521 2319 587 2358 his
616 2318 769 2359 earlier
796 2318 907 2370 days
936 2333 992 2358 an
1022 2321 1250 2359 aristocrat
1278 2317 1365 2359 and
1395 2332 1422 2359 a
1448 2318 1643 2359 follower
1668 2319 1718 2358 of

233 2372 357 2412 Cato.
414 2373 482 2412 He
506 2386 595 2412 was
619 2378 794 2424 praetor
820 2375 861 2412 in
887 2377 955 2419 54,
981 2373 1068 2412 and
1096 2375 1138 2412 in
1165 2376 1217 2413 48
1245 2372 1298 2413 he
1322 2385 1411 2413 was
1434 2371 1586 2413 consul
1611 2371 1715 2413 with

233 2427 394 2467 Caesar
427 2427 514 2466 and
549 2427 744 2478 opposed
778 2427 851 2466 the
885 2427 1210 2478 revolutionary
1244 2426 1431 2478 projects
1463 2427 1516 2467 of
1541 2426 1715 2468 Caelius

235 2479 393 2520 Rufus.
444 2481 494 2520 In
515 2484 567 2520 46
589 2481 641 2520 he
661 2494 749 2520 was
767 2494 983 2531 governor
1001 2483 1051 2520 of
1067 2482 1187 2522 Asia.

294 2534 309 2557 ¹²
342 2535 427 2575 For
448 2536 503 2576 A.
526 2535 716 2576 Caecina
736 2548 807 2574 see
827 2537 882 2576 vi.
905 2539 992 2575 5-9.

238 2603 331 2646 152
