1837 3029
870 170 1119 217 CICERO

249 303 513 350 sollicitum
545 319 652 348 0550
684 301 811 347 nolo.
877 302 1040 346 Omne
1071 317 1230 361 genus
1262 317 1289 345 a
1321 300 1461 346 nobis
1491 303 1735 346 cautionis

201 403 225 441 3
251 391 586 437 adhibebitur.
650 389 728 435 De
755 404 875 451 rege
904 387 1247 434 Alexandrino
1273 385 1464 433 factum
1493 393 1571 434 est
1596 404 1738 434 sena-

252 480 332 518 tus
358 470 797 524 00115111111111,011111
832 468 1158 514 multitudine
1193 484 1309 514 011111
1343 467 1514 514 reduci
1548 470 1737 530 pericu-

253 553 408 599 losum
431 550 733 613 reipublicae
753 549 925 596 videri.
978 548 1190 611 Reliqua
1207 565 1320 594 cuni
1340 555 1475 595 esset
1491 551 1542 594 in
1559 555 1738 595 senatu

251 635 527 686 eontentio,
567 629 879 676 Lentulusne
922 646 985 675 an
1030 629 1297 691 Pompeius
1334 629 1618 684 reduceret,
1653 630 1740 676 ob-

252 718 414 760 tinere
450 729 651 759 causam
702 710 946 757 Lentulus
993 711 1274 757 videbatur.
1344 709 1401 755 In
1448 726 1509 756 ea
1553 726 1642 756 nos
1689 717 1742 756 et

251 795 409 841 officio
443 809 563 856 erga
599 791 873 838 Lentulum
906 791 1130 845 mirifice,
1165 797 1218 836 et
1251 789 1499 836 voluntati
1534 789 1739 853 Pompei

254 873 507 938 praeclare
541 871 889 919 satisfecimus.
957 870 1056 918 Sed
1088 888 1178 933 pcr
1210 871 1578 917 obtrectatores
1614 870 1741 917 Len-

254 955 346 1004 tuli
377 972 454 1001 res
485 953 735 1001 calumnia
766 959 997 999 extracta
1028 959 1121 998 cst.
1187 951 1456 998 Consecuti
1487 959 1606 998 sunt
1636 953 1742 999 dies

253 1035 549 1090 comitiales,
596 1051 687 1097 per
733 1051 857 1096 quos
905 1040 1110 1080 senatus
1158 1032 1332 1080 haberi
1379 1049 1478 1079 non
1524 1039 1741 1095 poterat.

256 1117 391 1176 Quid
417 1115 645 1163 futurum
674 1118 739 1161 sit
766 1114 1025 1160 latrocinio
1054 1114 1388 1168 tribunorum,
1416 1130 1515 1160 non
1543 1114 1710 1160 divino
1733 1129 1744 1169 ;

255 1198 344 1245 sed
386 1204 560 1244 tamen
597 1198 818 1258 suspicor
859 1211 949 1257 per
985 1197 1082 1240 vim
1122 1197 1437 1258 rogationem
1481 1193 1745 1241 Caninium

256 1277 583 1341 perlaturum.
649 1276 707 1322 In
737 1292 796 1322 ea
824 1291 877 1321 re
908 1274 1176 1337 Pompeius
1206 1275 1327 1338 quid
1356 1274 1493 1330 velit,
1522 1291 1621 1321 non
1649 1275 1746 1322 dis-

257 1362 400 1422 picio.
470 1356 758 1403 Familiares
795 1359 900 1402 eius
936 1355 1057 1418 quid
1089 1358 1314 1417 cupiant,
1347 1371 1522 1402 omnes
1556 1355 1743 1403 vident.

258 1440 545 1487 Creditores
588 1454 704 1484 vero
746 1440 877 1500 regis
920 1443 1096 1498 aperte
1138 1439 1376 1498 pecunias
1418 1436 1748 1498 suppeditant

257 1527 433 1567 contra
463 1517 752 1565 Lentulum.
815 1517 932 1563 Sine
961 1517 1114 1564 dubio
1142 1533 1220 1562 res
1249 1533 1278 1562 a
1307 1516 1525 1563 Lentulo
1551 1524 1748 1564 remota

259 1601 458 1648 videtur
493 1616 620 1654 esse,
655 1616 768 1645 cum
803 1614 988 1661 magno
1022 1613 1136 1644 meo
1171 1596 1356 1644 dolore.
1426 1596 1747 1661 Quamquam

259 1681 419 1729 multa
457 1679 595 1735 fecit,
634 1695 807 1743 quare,
845 1681 883 1724 si
922 1677 996 1724 fas
1036 1684 1188 1733 esset,
1225 1680 1332 1724 iure
1371 1680 1416 1724 01
1453 1694 1748 1726 succensere

260 1778 534 1825 possemus.
600 1760 693 1815 Tu,
726 1763 765 1805 si
798 1763 870 1805 ita
903 1759 1129 1821 expedit,
1162 1757 1313 1804 velim
1346 1775 1498 1821 quam
1530 1762 1748 1821 primum

260 1844 391 1889 bona
412 1849 464 1888 et
482 1848 622 1888 certa
640 1846 951 1902 tempestate
962 1839 1267 1885 conscendas
1285 1839 1349 1886 ad
1366 1855 1551 1902 meque
1562 1843 1747 1887 venias.

264 1921 663 1970 Innumerabiles
697 1924 829 1967 enim
864 1936 941 1965 res
974 1926 1109 1975 sunt,
1141 1923 1191 1965 in
1225 1920 1404 1982 quibus
1437 1926 1490 1966 te
1524 1921 1749 1983 quotidie

264 2007 313 2050 in
355 2006 488 2049 omni
529 2018 716 2065 genere
758 2001 1056 2048 desiderem.
1130 2000 1224 2046 Tui
1265 2003 1523 2063 nostrique
1564 2000 1747 2049 valent.

265 2101 361 2131 xlv.
396 2082 503 2129 Kal.
532 2083 676 2129 Febr.

326 2220 344 2237 ‘¹
381 2215 577 2265 l'lolvniy
603 2213 810 2258 ,3111101054
851 2213 906 2264 ‘'s-
934 2213 1051 2251 Fam.
1080 2214 1103 2251 i.
1136 2215 1147 2251 l
1178 2211 1264 2251 and
1288 2216 1328 2259 2,
1354 2212 1494 2252 where
1518 2212 1590 2251 1110
1614 2212 1751 2254 whole

270 2273 389 2319 story
414 2270 446 2307 is
468 2268 572 2307 told.

328 2321 344 2346 ⁶
378 2324 528 2361 Cicero
559 2320 733 2361 blame-l
773 2319 982 2359 Lentulus
1014 2320 1080 2359 sor
1113 2320 1178 2358 his
1211 2318 1505 2365 indifference‚
1539 2319 1574 2358 if
1602 2320 1633 2359 it
1664 2333 1752 2362 was

271 2381 347 2417 not
360 2375 577 2428 jealousy,
600 2377 643 2415 in
665 2375 738 2415 the
763 2378 918 2414 matter
939 2373 987 2414 of
1006 2373 1142 2425 fixing
1164 2373 1353 2413 Cicero's
1374 2372 1635 2426 indemnity.

272 2569 368 2612 484-
