1837 3029
844 192 1093 239 CICERO

561 475 606 514 Q.
644 476 816 506 CICERO
851 475 889 506 S.
926 474 969 506 P.
1007 475 1054 506 D.
1090 475 1264 506 TIRONI
1298 473 1389 506 SUO

709 577 877 618 Romae
894 578 964 628 (ἲ),
986 591 1118 618 Α.υ.ο.
1141 580 1237 618 710.

292 693 564 740 Verberavi
587 700 640 740 te
663 696 984 756 cogitationis
1006 696 1163 739 tacito
1186 693 1457 740 dumtaxat
1478 695 1717 749 convicio,

229 762 363 823 quod
387 760 649 807 fasciculus
674 760 802 807 alter
827 761 890 807 ad
915 776 995 806 me
1020 764 1119 806 iarn
1145 764 1250 806 sine
1277 764 1375 806 tuis
1399 760 1581 807 litteris
1606 776 1717 822 per-

230 828 360 874 latus
387 835 479 874 est.
544 828 654 874 Non
682 835 827 890 potes
856 825 1078 890 effugere
1105 826 1251 873 huius
1278 827 1455 889 culpae
1482 843 1717 889 poenam,

230 903 282 941 tc
317 903 545 956 patrono.
616 894 818 941 Marcus
854 902 932 941 est
966 893 1317 949 adhibendus;
1369 897 1510 957 isque
1545 895 1630 941 diu
1665 901 1718 940 et

229 961 400 1008 multis
424 961 853 1008 lucubrationibus
879 968 1225 1008 commentata
1250 963 1496 1017 oratione,
1521 961 1634 1008 vide
1660 967 1718 1007 ut

181 1036 206 1075 2
229 1030 441 1091 probare
460 1032 635 1091 possit,
653 1036 706 1075 te
732 1046 833 1075 non
851 1044 1102 1091 peccasse.
1164 1028 1318 1074 Plane
1345 1035 1399 1074 te
1425 1044 1565 1092 rogo,
1590 1031 1719 1074 sicut

230 1096 348 1141 olim
382 1103 597 1142 matrem
630 1103 855 1142 nostram
888 1095 1055 1142 facere
1089 1098 1314 1150 memini,
1348 1111 1479 1157 quae
1512 1095 1719 1158 lagenas

232 1167 387 1209 etiam
406 1167 580 1209 inanes
598 1163 918 1225 obsignabat,
938 1179 1000 1209 ne
1021 1163 1310 1209 dicerentur
1327 1165 1502 1208 inanes
1521 1161 1719 1224 aliquae

231 1229 402 1284 fuisse,
427 1246 557 1292 quae
583 1228 757 1276 furtim
785 1237 955 1276 essent
981 1233 1282 1284 exsiccatae,
1308 1232 1376 1274 sic
1401 1236 1477 1284 tu,
1504 1232 1720 1283 etiamsi,

232 1297 368 1359 quod
391 1298 594 1351 scribas,
619 1314 718 1343 non
742 1296 970 1351 habebis,
995 1297 1197 1343 scribito
1222 1303 1414 1350 tamen,
1440 1311 1502 1341 ne
1528 1294 1718 1341 furtum

231 1367 523 1410 cessationis
565 1367 870 1426 quaesivisse
914 1364 1141 1410 videaris.
1218 1362 1378 1409 Valde
1422 1366 1556 1408 enim
1599 1361 1719 1407 mihi

231 1446 431 1492 semper
469 1437 521 1477 et
559 1447 676 1477 vera
714 1438 766 1478 et
804 1430 968 1478 dulcia
1004 1434 1104 1477 tuis
1142 1429 1369 1493 epistulis
1406 1433 1719 1476 nuntiantur.

233 1499 364 1545 Ama
388 1514 476 1544 nos
502 1504 554 1544 et
579 1497 703 1544 vale.

876 1712 1074 1759 XXVII

629 1845 675 1884 Q.
711 1846 751 1877 e.
788 1846 825 1877 S.
863 1847 906 1877 P.
945 1847 991 1877 n.
1028 1846 1201 1876 T1Ro>s1
1236 1845 1326 1878 suo

751 1948 933 1993 Romae,
955 1962 1086 1989 Α.ιτ.(“.
1110 1951 1206 1989 710.

300 2054 566 2100 Mirificain
597 2053 718 2099 mihi
749 2055 1153 2100 verberationem
1183 2055 1475 2099 cessationis
1507 2051 1723 2115 epistula

236 2122 340 2168 tua¹
366 2122 565 2168 dedisti.
638 2121 785 2176 Nam,
805 2138 935 2183 quae
955 2123 1151 2183 parcius
1170 2119 1328 2166 frater
1346 2123 1723 2182 perscripserat,

298 2239 307 2262 ¹
343 2244 418 2279 tua
446 2240 589 2278 added
619 2240 670 2290 by
698 2239 957 2289 ll⁷e3enbery‚
977 2239 1093 2278 sim-e
1120 2237 1309 2291 epistula
1337 2238 1390 2290 by
1418 2237 1547 2289 itself
1567 2242 1722 2278 cannot

241 2307 363 2334 mean
385 2295 410 2310 ‘⁶
430 2294 483 2345 by
505 2294 672 2340 leccer,''
695 2307 743 2332 (ιε
765 2293 917 2333 litteris
938 2306 1032 2333 can.

299 2446 315 2464 ‘¹
348 2440 428 2479 His
449 2440 641 2487 brother,
664 2440 736 2479 the
757 2444 917 2480 orator.

302 2498 316 2518 ³
347 2496 424 2539 Ur,
463 2508 510 2533 as
548 2493 716 2544 'l‘yrrell
752 2494 984 2534 translates
1021 2495 1068 2540 it,
1107 2493 1249 2533 “that
1287 2506 1373 2544 you
1414 2505 1516 2544 may
1557 2497 1631 2532 not
1668 2492 1723 2532 be

239 2548 467 2600 suspected
491 2549 540 2587 of
556 2548 742 2599 stealing
764 2561 789 2587 a
812 2547 1037 2599 holi‹lay.''

242 2616 335 2662 37⁸
