1837 3029
849 167 1099 216 CICERO

230 294 350 340 tolle
384 298 670 353 inusitatas,
707 297 827 344 tolle
864 302 1153 344 contrarias.
1222 297 1415 345 Statius
1450 297 1572 344 mihi
1612 315 1719 344 nar-

233 379 376 431 ravit,
410 381 619 439 scriptas
654 379 716 424 ad
749 385 802 424 te
836 378 995 425 solere
1030 378 1211 434 afferri,
1245 380 1308 425 ab
1340 395 1394 425 se
1426 378 1544 442 legi,
1579 385 1650 434 et,
1682 381 1720 424 si

230 459 433 519 iniquae
460 461 578 513 sint,
607 459 712 504 fieri
741 466 793 504 te
821 463 1086 505 certiorem
1112 475 1122 514 ;
1169 467 1443 522 antequam
1472 476 1589 505 vero
1615 462 1722 521 ipse

231 537 294 583 ad
332 544 383 583 te
421 541 656 593 venisset,
693 538 883 585 nullum
921 539 1176 586 delectum
1212 539 1496 586 litterarum
1532 538 1721 594 suisse3

231 633 293 663 ex
332 633 392 663 eo
430 635 539 664 esse
577 619 829 665 volumina
866 620 1165 666 selectarum
1207 619 1553 682 epistularum,
1591 635 1722 682 quae

185 704 209 741 9
234 697 535 758 reprehendi
569 699 806 745 solerent.
877 700 985 746 Hoc
1022 701 1085 747 de
1122 716 1309 763 genere
1347 699 1467 745 nihil
1503 707 1556 746 te
1592 715 1725 746 nunc

233 778 435 839 quidem
461 795 657 825 moneo.
727 779 847 826 Sero
873 787 950 826 est
975 785 1126 836 enim,
1151 796 1207 826 ac
1231 783 1355 826 scire
1378 787 1541 842 potes,
1564 779 1725 826 multa

231 874 311 903 me
335 861 467 904 varie
490 859 862 922 diligenterque
885 864 1152 907 monuisse.
1224 859 1353 907 Illud
1375 867 1566 915 tamen,
1589 859 1724 922 quod

230 937 557 1001 Theopompo
584 940 836 996 mandavi,
862 958 976 987 cum
1005 957 1167 987 essem
1195 941 1482 987 admonitus
1510 942 1573 986 ab
1600 944 1725 1003 ipso,

232 1020 343 1065 vide
380 1036 471 1082 per
508 1020 735 1067 homines
775 1029 1005 1068 amantes
1044 1025 1136 1077 tui,
1175 1022 1310 1085 quod
1349 1029 1427 1068 est
1466 1020 1629 1076 facile,
1668 1027 1725 1067 ut

231 1099 355 1145 haec
390 1117 580 1163 genera
616 1101 859 1148 tollantur
896 1102 1243 1164 epistularum,
1280 1105 1496 1164 primum
1532 1105 1725 1164 iniqua-

231 1197 358 1236 rum,
387 1181 571 1228 deinde
602 1186 982 1236 contrariarum,
1012 1190 1122 1229 tum
1154 1183 1369 1229 absurde
1401 1190 1453 1229 et
1482 1186 1724 1228 inusitate

230 1265 546 1324 scriptarum,
585 1270 841 1325 postremo
882 1267 931 1309 in
973 1263 1192 1327 aliquem
1233 1263 1722 1310 contumeliosarum.

231 1343 404 1405 Atque
434 1359 528 1406 ego
565 1343 690 1389 haec
719 1351 821 1390 tarn
854 1360 962 1390 esse
991 1362 1143 1407 quam
1172 1345 1339 1399 audio,
1367 1361 1466 1390 non
1501 1351 1644 1406 puto,
1671 1350 1724 1390 et

231 1427 269 1469 si
298 1430 417 1470 sunt
443 1426 855 1486 occupationibus
884 1429 983 1471 tuis
1011 1429 1174 1471 minus
1203 1425 1567 1480 animadversa,
1593 1439 1725 1470 nunc

233 1508 459 1566 perspice
519 1512 573 1552 et
631 1522 806 1568 purga.
879 1505 1002 1569 Legi
1064 1505 1350 1568 epistulam,
1408 1522 1559 1568 quam
1616 1507 1724 1566 ipse

233 1589 485 1647 scripsisse
535 1585 671 1632 Sulla
719 1586 1064 1633 nomenclator
1111 1587 1274 1633 dictus
1324 1593 1419 1641 est,
1467 1602 1566 1632 non
1614 1601 1724 1648 pro-

158 1672 207 1709 10
230 1666 485 1722 bandam3
547 1666 647 1730 legi
694 1667 956 1713 nonnullas
1001 1667 1279 1713 iracundas.
1349 1665 1450 1713 Sed
1493 1672 1723 1728 tempore

232 1749 337 1807 ipso
362 1747 425 1792 de
451 1747 693 1809 epistulis.
764 1747 894 1793 Nam
919 1764 1032 1794 cum
1057 1746 1186 1794 hanc
1211 1751 1449 1810 paginam
1474 1753 1722 1801 tenerem,

235 1826 289 1872 L.
331 1826 544 1883 Flavius,
579 1835 783 1889 praetor
817 1828 1130 1888 designatus,
1167 1828 1229 1874 ad
1266 1844 1347 1874 me
1384 1830 1540 1883 venit,
1574 1826 1723 1872 homo

232 1905 352 1952 mihi
391 1907 536 1954 valde
576 1907 846 1954 familiaris.
917 1908 965 1955 Is
1004 1907 1143 1963 mihi,
1182 1915 1235 1954 te
1275 1908 1337 1954 ad
1377 1914 1723 1969 procuratores

231 2004 344 2033 suos
363 1987 558 2034 litteras
579 1992 787 2043 misisse,
806 2005 936 2051 quae
956 1988 1075 2034 mihi
1096 1992 1229 2034 visae
1249 1995 1366 2034 sunt
1384 1991 1723 2050 iniquissimae

230 2084 357 2114 -ne
383 2069 503 2130 quid
533 2069 595 2114 de
621 2069 781 2122 bonis,
807 2085 936 2132 quae
965 2068 1020 2115 L.
1049 2068 1228 2116 Octavi
1260 2068 1469 2114 Nasonis
1495 2067 1723 2122 fuissent,

231 2152 307 2193 cui
352 2148 407 2194 L.
453 2149 648 2196 Flavius
689 2148 835 2195 heres
877 2156 972 2204 est,
1013 2150 1367 2196 deminuercnt
1409 2155 1527 2194 ante
1570 2164 1721 2211 quam

288 2296 305 2313 ‘¹
338 2291 374 2329 A
392 2291 681 2331 nomenclator
701 2292 749 2339 (⁶⁶
765 2291 1046 2332 name-callet
1062 2292 1108 2339 ”)
1123 2304 1211 2331 was
1225 2305 1249 2330 a
1264 2290 1382 2331 slave
1396 2290 1493 2330 who
1514 2289 1720 2330 attended

236 2344 300 2383 his
323 2349 497 2390 master,
515 2345 748 2396 especially
767 2345 889 2385 when
907 2348 1186 2398 canvassing‚
1203 2349 1247 2385 to
1270 2345 1341 2385 tell
1365 2344 1453 2384 him
1477 2344 1550 2384 the
1571 2357 1722 2385 names

236 2399 285 2436 os
302 2398 424 2437 those
448 2399 500 2437 he
523 2405 609 2438 met
633 2401 673 2438 in
698 2401 770 2439 the
792 2404 935 2440 street.

292 2452 306 2475 ²³
344 2452 561 2504 Probably
582 2453 654 2492 the
676 2454 850 2493 tribune
868 2454 965 2493 who
987 2452 1072 2492 had
1096 2452 1312 2505 proposed
1335 2466 1391 2491 an
1413 2453 1618 2504 agrarian
1639 2451 1719 2491 law

236 2507 278 2545 iu
301 2509 367 2546 60.
428 2506 610 2548 'l'vrrelL

237 2575 326 2616 448
