1837 3029
875 159 1124 207 CICERO

261 279 359 328 Sed
389 283 507 330 mihi
537 286 702 341 crede,
733 304 883 349 quem
915 292 1062 343 nosti,
1093 289 1226 351 quod
1257 293 1304 334 in
1336 293 1440 337 istis
1470 291 1618 337 rebus
1648 308 1743 354 ego

259 367 455 429 plurimi
479 376 705 428 aestimo,
728 375 775 420 id
799 378 894 419 iam
918 373 1097 430 habeo,
1119 383 1170 422 te
1193 376 1380 423 scilicet
1399 381 1615 439 primum
1636 385 1741 424 tam

258 458 612 506 inservientem
659 465 909 508 communi
955 463 1190 526 dignitati
1215 479 1226 519 ;
1289 464 1471 511 deinde
1518 466 1742 512 Caesaris

259 550 457 591 tantum
483 550 532 593 in
557 565 638 594 me
664 566 903 605 amorem,
928 568 1078 613 quem
1104 553 1333 599 omnibus
1358 551 1433 599 his
1457 551 1742 610 honoribus,

257 649 380 694 quos
417 651 496 681 me
533 652 561 681 a
595 653 648 683 se
685 645 979 700 exspectare
1017 638 1138 694 vult,
1175 646 1444 702 antepono.
1514 640 1741 687 Litterae

257 735 373 767 vero
404 724 508 769 eius
540 741 639 770 una
672 725 822 772 datae
856 743 969 772 eum
1007 729 1105 773 tuis
1143 727 1376 791 (quarum
1412 731 1610 775 initium
1647 735 1741 785 est,

256 825 405 870 quam
444 815 606 858 suavis
645 816 690 859 ei
728 821 844 861 tuus
882 815 1128 862 adventus
1166 814 1335 872 fuerit,
1374 823 1427 863 et
1463 816 1741 863 recordatio

256 901 438 944 veteris
460 903 657 956 amoris,
679 902 880 958 deinde,
902 919 954 949 se
977 902 1290 959 effecturum,
1312 911 1370 950 ut
1390 920 1484 967 ego
1505 907 1555 950 in
1575 904 1740 951 medio

255 983 424 1032 dolore
451 1003 507 1033 ac
533 988 780 1036 desiderio
806 994 880 1037 tui
906 997 977 1047 te,
1002 1008 1116 1038 cum
1142 1008 1171 1038 a
1195 1008 1276 1038 me
1304 992 1522 1048 abesses,
1546 995 1740 1056 potissi-

254 1088 391 1119 mum
417 1091 584 1122 secum
614 1094 722 1124 esse
756 1077 992 1143 laetarer)
1023 1079 1381 1127 incredibiliter
1406 1080 1737 1127 delectarunt.

204 1165 228 1203 2
254 1159 422 1218 Quare
458 1162 577 1211 facis
614 1172 671 1212 tu
707 1167 910 1229 quidem
947 1166 1187 1223 fraterne,
1224 1169 1358 1230 quod
1393 1185 1473 1214 me
1512 1167 1740 1224 hortaris,

253 1249 342 1295 sed
362 1250 646 1299 mehercule
667 1263 952 1302 currentem
975 1273 1104 1302 nune
1125 1257 1345 1319 quidem,
1366 1263 1421 1302 ut
1441 1259 1606 1302 onmia
1625 1273 1741 1302 mea

253 1338 420 1384 studia
452 1342 502 1386 in
534 1343 686 1388 istum
722 1360 875 1389 unum
909 1343 1178 1390 conferam.
1250 1344 1359 1408 Ego
1393 1361 1509 1391 vero
1543 1345 1741 1392 ardenti

254 1426 457 1487 quidem
478 1430 644 1476 studio
666 1429 758 1477 hoe
778 1430 989 1478 fortasse
1011 1432 1237 1487 efficiam,
1258 1433 1393 1495 quod
1413 1449 1564 1494 saepe
1586 1426 1741 1496 viato-

252 1514 404 1570 ribus,
449 1534 561 1562 eum
605 1527 895 1581 properant,
941 1523 1126 1575 evenit,
1171 1527 1245 1576 ut,
1289 1523 1327 1566 si
1372 1523 1544 1575 serius,
1589 1538 1739 1582 qnam

254 1601 534 1659 voluerunt,
558 1604 688 1652 forte
712 1611 1038 1663 surrexerint,
1060 1608 1375 1670 properando
1400 1611 1553 1654 etiam
1577 1611 1738 1663 citius,

251 1706 402 1752 quam
432 1696 469 1737 si
500 1694 562 1739 dc
593 1694 752 1740 multa
783 1703 929 1742 noete
960 1695 1266 1758 vigilassent,
1295 1699 1610 1758 perveniant,
1640 1713 1738 1757 quo

252 1777 423 1834 velint,
453 1783 520 1826 sic
552 1798 662 1844 ego,
694 1786 929 1845 quoniam
959 1786 1009 1829 in
1038 1787 1133 1829 isto
1163 1782 1364 1829 homine
1394 1782 1602 1830 colendo
1631 1789 1736 1828 tam

249 1867 510 1914 indormivi
546 1870 648 1925 diu,
684 1877 736 1916 te
772 1870 1057 1917 mehercule
1094 1888 1246 1933 saepe
1283 1874 1556 1926 excitante,
1592 1888 1735 1916 eursu

248 1958 491 2017 corrigam
523 1958 837 2014 tarditatem,
867 1966 976 2005 tum
1008 1963 1165 2021 equis,
1196 1966 1303 2005 tum
1334 1976 1449 2005 vero
1480 1959 1734 2021 (quoniam

247 2044 416 2089 scribis
446 2061 625 2106 poema
655 2047 717 2092 ab
748 2064 806 2092 eo
835 2054 1058 2093 nostrum
1089 2048 1308 2109 probari)
1337 2047 1590 2110 quadrigis
1618 2063 1735 2108 poe-

248 2134 371 2177 ticis.
434 2132 589 2180 Modo
613 2134 731 2180 mihi
757 2135 876 2181 date
902 2135 1229 2190 Britanniam,
1254 2152 1404 2198 quam
1428 2137 1632 2197 pingam
1656 2152 1734 2180 co-

247 2217 430 2266 loribus
454 2225 551 2267 tuis
574 2222 804 2283 penicillo
828 2240 955 2269 meo.
1014 2222 1112 2269 Sed
1136 2223 1256 2286 quid
1279 2240 1374 2286 ago
1398 2223 1415 2268 ?
1457 2222 1592 2285 quod
1614 2221 1732 2268 mihi

250 2497 283 2537 B
305 2450 337 2537 ‘ft
357 2444 578 2506 Probably
605 2459 687 2486 one
712 2445 948 2486 addressed
976 2450 1021 2486 to
1047 2446 1209 2486 Caesar
1233 2458 1291 2485 on
1317 2445 1385 2486 his
1410 2443 1659 2496 expedition
1686 2448 1732 2485 to

290 2512 319 2537 ri
343 2512 430 2539 ain.

249 2568 341 2609 532
