1837 3029
880 190 944 235 (31
952 189 1129 236 (flam)

257 340 490 386 omnibus
528 341 578 385 in
617 340 766 386 rebus
805 340 1161 402 obsequemur,
1199 339 1426 387 funditus
1466 357 1550 387 eos
1590 343 1752 403 perire

259 423 530 481 patiemur,
561 437 774 483 quorum
804 437 905 466 non
936 421 1085 466 modo
1117 420 1284 475 saluti,
1315 422 1404 468 sed
1436 424 1590 468 etiam
1622 438 1753 468 com-

260 501 421 548 modis
462 500 722 547 consulere
762 500 1023 548 debemus.
1094 502 1235 548 Haec
1277 509 1355 549 est
1396 519 1496 548 una
1535 502 1595 564 (si
1637 517 1754 548 vere

260 584 485 643 cogitare
532 580 780 644 volumus)
825 584 878 628 in
925 588 1035 628 toto
1082 585 1292 644 imperio
1339 589 1428 629 tuo
1474 581 1753 629 difficultas.

262 661 392 707 Nam
420 677 529 708 esse
556 662 919 718 abstinentem,
945 666 1204 708 cont-incre
1232 678 1406 709 omnes
1432 663 1756 725 cupiditates,

261 757 374 787 suos
424 758 674 798 coercere,
723 745 842 789 iuris
892 743 1211 806 aequabilem
1261 750 1439 789 tenere
1489 746 1755 796 rationem,

261 819 459 867 facilem
514 838 568 868 se
623 825 674 868 in
729 823 879 869 rebus
933 823 1312 887 cognoscendis,
1365 826 1416 869 in
1470 821 1755 869 hominibus

261 902 524 949 audiendis
599 903 1032 966 admittendisque
1106 905 1369 966 praebere,
1443 902 1754 966 praeclarum

262 986 421 1046 magis
452 990 547 1038 est,
577 1001 729 1046 quam
758 984 971 1031 difficile.
1041 984 1153 1030 Non
1184 992 1262 1031 est
1292 988 1424 1030 enim
1455 987 1674 1046 positum
1704 985 1753 1028 in

261 1061 431 1110 labore
457 1063 641 1128 aliquo,
667 1065 757 1111 sed
781 1068 832 1110 in
859 1065 1077 1128 quadam
1103 1065 1394 1111 inductione
1421 1067 1572 1110 animi
1599 1070 1754 1126 atque

183 1150 236 1188 32³
265 1143 539 1190 voluntate.
610 1144 701 1190 Illa
723 1161 874 1191 causa
896 1145 1274 1207 publicanorum
1300 1152 1542 1208 quantam
1568 1144 1754 1190 acerbi-

262 1230 422 1270 tatem
445 1224 621 1271 afferat
641 1229 801 1281 sociis,
820 1225 1161 1272 intelleximus
1183 1242 1244 1272 ex
1265 1227 1470 1281 civibus,
1490 1228 1573 1288 qui
1595 1239 1755 1286 nuper

261 1307 311 1349 in
349 1308 581 1366 portoriis
621 1305 799 1352 Italiae
839 1306 1092 1362 tollendis,
1131 1324 1229 1352 non
1268 1313 1374 1352 tam
1413 1306 1477 1352 de
1516 1307 1754 1368 portorio,

261 1402 413 1447 quam
449 1386 513 1432 de
548 1386 797 1432 nonnullis
831 1389 1021 1433 iniuriis
1055 1390 1356 1449 portitorum
1393 1387 1753 1448 querebantur.

262 1465 431 1522 Quare
453 1483 551 1512 non
573 1469 766 1529 ignoro,
788 1467 909 1529 quid
929 1470 1072 1513 sociis
1094 1467 1290 1513 accidat
1310 1470 1358 1512 in
1382 1466 1569 1512 ultimis
1589 1467 1753 1518 terris,

261 1562 373 1591 cum
404 1547 648 1593 audierim
676 1550 727 1592 in
758 1546 905 1593 Italia
935 1547 1182 1610 querellas
1211 1550 1407 1593 civium.
1478 1546 1573 1592 Hic
1600 1551 1653 1591 te
1681 1547 1754 1590 ita

262 1629 464 1682 versari,
500 1634 558 1673 ut
594 1634 647 1673 et
682 1627 960 1689 publicanis
1001 1626 1296 1683 satisfacias,
1331 1629 1628 1689 praesertim
1664 1641 1753 1688 pu-

262 1705 401 1752 blicis
447 1707 579 1753 male
620 1708 916 1770 redemptis,
956 1725 1012 1754 ac
1053 1711 1210 1754 socios
1258 1711 1421 1770 perire
1463 1724 1562 1753 non
1603 1709 1753 1760 sinas,

262 1787 461 1834 divinae
492 1789 752 1835 cuiusdam
785 1792 983 1834 virtutis
1017 1805 1125 1834 esse
1159 1789 1374 1843 videtur,
1405 1788 1457 1835 id
1489 1794 1584 1842 est,
1614 1793 1750 1833 tuae..

263 1868 338 1913 Ac
363 1871 579 1930 primum
607 1869 830 1924 Graecis,
856 1870 907 1916 id
934 1870 1069 1932 quod
1095 1870 1470 1915 acerbissimum
1497 1874 1593 1923 est,
1617 1866 1753 1931 quod

263 1955 382 1994 sunt
397 1948 688 2012 vectigales,
704 1966 802 1995 non
820 1953 891 1995 ita
911 1951 1146 1995 acerbum
1166 1950 1319 1995 videri
1337 1949 1511 2002 debet,
1526 1954 1753 2010 propter-

265 2044 325 2073 ea
357 2029 491 2091 quod
520 2033 627 2075 sine
656 2033 866 2092 imperio
899 2029 1069 2092 populi
1100 2029 1330 2084 Romani,
1362 2032 1462 2075 suis
1489 2029 1752 2081 institutis,

265 2126 353 2170 per
397 2126 449 2155 sc
496 2114 587 2172 ipsi
632 2114 704 2156 ita
750 2109 970 2156 fuerunt.
1039 2110 1237 2156 Nomen
1282 2117 1455 2155 autem
1499 2107 1749 2172 publicani

327 2232 344 2250 ⁰
378 2226 444 2277 By
466 2226 521 2276 Q.
548 2227 753 2267 Metellus
776 2227 940 2280 Nepos.

328 2279 343 2303 ‘³
376 2280 621 2333 Employcd
645 2282 704 2332 by
726 2282 799 2321 the
819 2283 1046 2333 publicani
1065 2286 1110 2321 to
1130 2281 1284 2321 collect
1304 2281 1416 2321 their
1435 2279 1557 2321 dues.

329 2339 343 2358 ⁰
372 2335 465 2374 The.
485 2336 714 2386 syndicate
734 2336 876 2376 which
907 2336 996 2376 had
1027 2336 1197 2385 bought
1217 2336 1290 2375 the
1319 2335 1435 2387 right
1462 2339 1509 2375 to
1534 2335 1646 2374 farm
1674 2331 1749 2373 the.

273 2392 394 2428 taxes
414 2391 464 2429 of
490 2391 597 2429 Asia
619 2389 705 2429 had
736 2390 865 2430 made
891 2404 946 2429 an
976 2392 1192 2429 excessive
1215 2389 1287 2428 bid
1319 2390 1386 2428 for
1415 2388 1559 2433 them:
1593 2386 1747 2426 indeed

274 2441 426 2483 Cicero
456 2442 550 2482 tells
582 2443 754 2483 Atticus
785 2443 881 2483 that
910 2443 1014 2494 they
1047 2441 1239 2494 actually
1272 2440 1561 2482 “demanded
1592 2455 1618 2481 a
1645 2453 1748 2480 can-

268 2494 472 2536 cellation
491 2497 540 2536 of
554 2496 628 2536 the
651 2498 924 2545 assignment
940 2497 966 2512 ”
987 2497 1035 2548 (“
1051 2500 1097 2536 ut
1120 2496 1398 2536 induceretur
1424 2494 1581 2536 locatio
1600 2497 1746 2546 postu·

271 2548 547 2600 laverunt”)‚
570 2551 664 2590 Act.
689 2552 714 2590 i.
743 2554 805 2590 17.
827 2554 867 2591 9.

273 2622 368 2659 422
