1837 3029
817 171 1068 219 CICERO

200 305 448 351 tributum
497 310 592 358 est,
640 306 711 348 vir
757 318 870 348 cum
917 300 1274 347 benevolentia
1320 307 1374 347 et
1421 300 1519 347 fide
1563 317 1681 364 erga

200 374 441 438 populum
477 373 759 420 Romanum
795 370 1051 432 singulari,
1086 378 1195 416 tum
1230 375 1511 432 praestanti
1544 388 1683 434 mag-

202 445 431 492 nitudine
461 451 514 490 et
543 446 695 489 animi
724 449 778 488 et
805 441 995 496 consili,
1022 440 1218 503 legatos
1247 441 1312 488 ad
1339 457 1421 487 me
1448 445 1603 497 misit,
1629 458 1682 489 se

200 533 314 563 cum
335 516 565 562 omnibus
586 516 685 559 suis
705 515 859 574 copiis
878 515 929 557 in
949 527 1065 557 mea
1084 518 1249 557 castra
1269 528 1378 558 esse
1397 519 1681 559 venturum.

202 586 353 632 Cuius
398 601 494 648 ego
538 584 706 630 studio
747 582 1009 644 officioque
1053 589 1334 628 commotus
1378 585 1460 645 egi
1505 586 1550 629 ei
1593 599 1684 646 per

199 657 396 703 litteras
431 658 638 717 gratias,
673 653 826 715 idque
865 659 922 698 ut
956 659 1256 707 maturaret,
1290 651 1521 699 hortatus
1556 670 1681 700 sum.

154 728 329 773 6Cum
377 733 548 772 autem
598 725 661 770 ad
717 724 951 786 Cybistra
1004 729 1213 784 propter
1264 726 1512 769 rationem
1566 724 1682 770 belli

201 801 424 860 quinque
457 796 564 842 dies
598 810 760 840 essem
793 800 1036 848 moratus,
1067 809 1241 856 regem
1274 794 1684 848 Ariobarzanem,

201 871 339 914 cuius
382 865 599 912 salutem
642 881 670 910 a
712 871 894 910 senatu
935 870 989 910 te
1032 871 1237 910 auctore
1277 865 1681 912 commendatam

201 938 471 992 habebam,
506 936 858 998 praesentibus
898 934 1087 980 insidiis
1128 938 1517 996 necopinantem
1562 936 1684 983 libe-

201 1012 305 1055 ravi
329 1024 340 1063 ;
386 1022 552 1069 neque
577 1005 737 1051 solum
764 1008 808 1051 ei
833 1005 983 1051 saluti
1010 1003 1101 1060 fui,
1125 1005 1215 1051 sed
1239 1008 1394 1051 etiarn
1418 1011 1604 1063 curavi,
1627 1015 1684 1054 ut

201 1096 315 1126 cum
348 1080 652 1124 auctoritate
683 1083 938 1139 regnaret.
1007 1075 1249 1131 Metram,
1282 1083 1335 1122 et
1367 1093 1502 1133 eum,
1533 1095 1684 1142 quem

201 1156 259 1196 tu
300 1148 571 1211 diligenter
611 1145 733 1192 mihi
774 1146 1172 1201 commendaras,
1212 1145 1556 1204 Athenaeum,
1596 1152 1685 1195 im-

202 1223 517 1283 portunitate
553 1216 855 1263 Athenaidis
888 1215 1061 1262 exsilio
1092 1215 1353 1272 multatos,
1384 1221 1435 1263 in
1466 1223 1685 1266 maxima

203 1290 338 1353 apud
372 1305 547 1352 regem
583 1291 888 1334 auctoritate
922 1291 1189 1350 gratiaque
1224 1291 1478 1335 constitui.
1538 1290 1686 1337 Cum-

202 1377 301 1425 que
334 1376 575 1423 magnum
607 1358 796 1404 bellum
828 1362 878 1404 in
912 1358 1232 1420 Cappadocia
1261 1363 1617 1417 concitaretur,
1647 1366 1685 1407 si

202 1431 433 1478 sacerdos
470 1433 618 1475 armis
654 1445 726 1484 se,
759 1428 894 1491 quod
924 1426 1149 1474 facturus
1183 1430 1480 1490 putabatur,
1514 1430 1687 1478 defen-

203 1503 367 1556 deret,
391 1500 684 1547 adulescens
715 1507 768 1546 et
798 1502 1032 1562 equitatu
1057 1506 1110 1545 et
1134 1499 1370 1561 peditatu
1394 1507 1449 1547 et
1475 1506 1687 1564 pecunia

203 1580 428 1636 paratus,
463 1587 558 1634 ego
599 1570 736 1617 tutol
770 1573 846 1624 iis,
880 1572 966 1632 qui
1000 1573 1171 1616 novari
1212 1569 1401 1633 aliquid
1434 1571 1689 1628 volebant,

203 1642 410 1706 perfeci,
444 1649 502 1688 ut
537 1657 564 1687 e
599 1657 756 1703 regno
790 1639 872 1685 ille
907 1640 1210 1694 discederet,
1243 1656 1435 1703 rexque
1470 1645 1576 1688 sine
1610 1651 1689 1690 tu-

204 1713 369 1760 multu
409 1729 465 1758 ac
504 1715 611 1757 sine
651 1714 817 1766 armiS,
856 1714 990 1756 omni
1031 1714 1335 1757 auctoritate
1375 1711 1520 1758 aulae
1557 1731 1690 1760 com-

157 1793 179 1830 7
205 1787 417 1837 munita,
454 1798 666 1844 regnum
703 1798 817 1827 cum
854 1781 1106 1843 dignitate
1143 1782 1414 1828 obtineret.
1486 1782 1691 1832 Interea

204 1857 414 1917 cognovi
463 1852 736 1898 multorum
786 1851 968 1897 litteris
1019 1859 1174 1914 atque
1226 1856 1431 1908 nuntiis,
1480 1870 1689 1917 magnas

205 1924 504 1971 Parthorum
543 1926 710 1984 copias
749 1929 903 1984 atque
942 1923 1168 1967 Arabum
1208 1922 1270 1967 ad
1308 1923 1549 1984 oppidum
1587 1927 1690 1971 An-

205 1993 440 2041 tiochiam
478 1997 760 2047 accessisse,
796 2008 1140 2054 magnumque
1177 2008 1350 2037 eorum
1387 1997 1690 2055 equitatum,

205 2067 288 2127 qui
310 2067 360 2109 in
382 2063 604 2109 Ciliciam
626 2065 906 2116 transsiset‚
928 2062 991 2107 ab
1014 2064 1243 2124 equitum
1264 2077 1491 2108 meorum
1513 2068 1690 2112 turmis

267 2172 281 2195 ¹
312 2185 394 2223 ego
423 2176 518 2212 tuto
550 2172 586 2210 οἷς
620 2170 828 2222 Tyr-rell's
856 2170 1113 2221 convinciuy
1147 2170 1443 2211 emendation:
1489 2175 1688 2214 actutum

209 2226 366 2273 Nobbe,
388 2231 425 2265 et
448 2226 530 2265 alii
551 2225 657 2265 alia.

267 2357 284 2374 ‘⁸
314 2351 406 2390 'she
427 2350 776 2402 queen-mother,
797 2349 1016 2400 daughter
1035 2350 1086 2389 of
1105 2349 1386 2389 Mithridates
1406 2350 1479 2389 the
1500 2351 1649 2393 Great.

269 2405 284 2428 ⁶
314 2404 407 2444 The
430 2405 550 2444 chief
570 2406 703 2455 priest
726 2405 777 2443 of
796 2404 869 2443 the
893 2402 1055 2455 temple
1079 2404 1129 2442 of
1149 2403 1362 2449 Comana,
1387 2402 1482 2442 said
1506 2407 1552 2443 to
1577 2404 1688 2447 have

209 2459 317 2497 been
339 2458 567 2498 dedicated
593 2459 652 2509 by
674 2458 850 2498 Orestes
872 2462 916 2497 to
940 2458 1130 2497 Artemis
1151 2456 1352 2497 Taurica.
1403 2456 1496 2496 The
1516 2460 1687 2508 priest's

206 2513 430 2564 authority
451 2514 492 2552 in
513 2511 798 2563 Cappadocia
818 2525 905 2551 was
923 2511 1084 2552 second
1104 2510 1208 2562 only
1228 2515 1272 2551 to
1292 2510 1387 2551 that
1405 2511 1456 2551 of
1469 2510 1542 2551 the
1561 2511 1684 2566 king.

210 2583 302 2623 250
