1868 3040
258 1202 278 1243 1

253 2048 277 2087 {0

925 183 1176 230 CICERO

310 313 411 361 Sed
444 321 618 360 tamen
651 313 803 359 nihilo
836 313 1076 358 infirmius
1109 313 1248 367 illud,
1281 311 1374 358 hoc
1406 312 1595 359 addito.
1660 312 1792 360 Cura

309 387 480 448 igitur,
509 387 547 428 si
583 400 664 429 me
700 386 830 429 tanti
866 382 1004 437 sacis,
1034 385 1209 444 quanti
1246 389 1299 428 ct
1334 382 1490 428 Varro
1518 386 1792 438 existimat,

310 462 365 501 et
402 458 509 516 ipse
549 457 730 507 sentio,
771 460 828 498 ut
868 469 1018 514 quam
1059 457 1274 514 primum
1314 451 1627 515 intellegam,
1664 452 1792 499 hanc

309 540 473 570 meam
513 523 1003 569 commendationem
1043 530 1243 568 tantum
1282 522 1348 568 illi
1388 522 1620 568 utilitatis
1657 530 1791 571 attu-

308 593 440 650 lisse,
463 600 708 657 quantum
735 600 788 639 et
813 596 916 652 ipse
941 596 1154 655 sperarit
1179 608 1270 638 nec
1295 608 1390 655 ego
1414 592 1701 640 dubitarim.

723 963 778 997 M.
813 964 858 996 Τ.
895 964 936 995 C.
972 963 1009 994 S.
1048 963 1089 994 P.
1129 964 1174 994 D.
1213 962 1375 994 BRUTO

823 1077 1005 1124 Romae,
1027 1090 1158 1116 A.u.c.
1182 1079 1278 1118 708.

368 1195 499 1255 Quia
523 1211 723 1257 semper
746 1195 1077 1240 animadverti
1100 1193 1323 1239 studiose
1346 1200 1399 1239 te
1423 1209 1628 1255 operam
1651 1193 1790 1248 dare,

305 1273 363 1313 ut
402 1283 463 1312 ne
505 1267 626 1328 quid
665 1281 891 1311 meorum
929 1265 1021 1310 tibi
1062 1272 1196 1310 essct
1235 1267 1482 1327 ignotum,
1520 1270 1788 1326 propterea

305 1354 405 1383 non
447 1337 642 1390 dubito,
684 1339 804 1398 quin
846 1338 988 1390 scias,
1030 1351 1129 1380 non
1171 1334 1331 1381 solum
1372 1337 1510 1380 cuius
1552 1337 1786 1395 municipi

304 1411 415 1463 sim,
446 1406 536 1453 sed
570 1409 723 1451 etiam
757 1422 907 1468 quam
941 1406 1211 1467 diligenter
1241 1405 1428 1451 soleam
1460 1420 1599 1450 meos
1628 1406 1788 1449 muni-

303 1482 456 1540 cipes,
476 1478 766 1538 Arpinates,
785 1479 931 1521 tueri.
1000 1476 1225 1534 Quorum
1247 1475 1451 1537 quidem
1471 1477 1639 1520 omnia
1656 1490 1787 1520 com-

303 1548 452 1594 moda
478 1563 754 1609 omnesque
780 1545 1068 1601 facultates,
1094 1546 1274 1608 quibus
1302 1552 1355 1591 et
1379 1561 1519 1591 sacra
1543 1544 1786 1591 conficere

304 1626 357 1665 et
399 1626 535 1665 sarta
575 1625 715 1664 tecta
757 1617 957 1662 aedium
1000 1633 1251 1663 sacrarum
1291 1616 1614 1678 locorumque
1655 1631 1786 1661 com-

302 1693 529 1734 munium
558 1692 688 1734 tueri
716 1691 926 1749 possint,
952 1690 1234 1733 consistunt
1260 1690 1311 1732 in
1338 1686 1412 1731 his
1441 1685 1786 1749 vectigalibuS,

302 1775 434 1821 quae
478 1758 670 1804 habent
713 1761 764 1803 in
807 1760 1060 1818 provincia
1105 1757 1282 1803 Gallia.
1351 1757 1433 1803 Ad
1478 1773 1539 1802 ea
1582 1755 1785 1802 visenda

302 1833 659 1892 pecuniasque,
706 1845 836 1890 quae
885 1845 913 1874 a
965 1828 1149 1874 colonis
1195 1828 1465 1880 debentur,
1512 1827 1786 1889 exigendas

302 1908 567 1961 totamque
598 1915 704 1944 rem
739 1905 791 1944 et
821 1898 1222 1961 cognoscendam
1255 1905 1307 1944 et
1339 1897 1785 1943 administrandam

301 1971 496 2033 legatos
516 1974 713 2032 equites
733 1968 982 2014 Romanos
1000 1971 1242 2023 misimus,
1260 1967 1321 2025 Q.
1344 1967 1611 2022 Fufidium,
1630 1966 1691 2025 Q.
1717 1967 1786 2020 F„

306 2041 377 2087 M.
404 2041 660 2095 Faucium,
685 2039 757 2085 M.
784 2040 856 2093 1³..
879 2038 939 2096 Q.
967 2039 1301 2093 Mamercum,
1323 2038 1383 2096 Q.
1412 2038 1463 2084 F.
1533 2036 1659 2083 Peto
1683 2054 1711 2083 a
1733 2045 1785 2083 te

301 2115 351 2157 in
379 2114 619 2156 maiorem
647 2110 852 2155 modum
879 2125 968 2170 pro
996 2116 1167 2155 nostra
1195 2108 1583 2162 necessitudine,
1611 2114 1668 2154 ut
1696 2108 1784 2154 tibi

302 2198 362 2227 ea
383 2197 460 2227 res
483 2197 631 2227 curae
653 2184 735 2235 sit,
757 2195 1064 2241 operamque
1087 2179 1194 2234 des,
1216 2186 1273 2225 ut
1295 2195 1384 2240 per
1405 2185 1458 2224 te
1481 2193 1633 2240 quam
1655 2194 1786 2224 com-

300 2251 586 2297 modissime
629 2253 888 2312 negotium
934 2252 1169 2310 municipi
1214 2249 1593 2294 administretur
1634 2264 1785 2309 quam

300 2324 618 2383 primumque
659 2319 983 2373 conficiatur3
1042 2322 1293 2380 ipsosque,
1333 2334 1544 2380 quorum
1585 2322 1785 2364 nomina

694 2526 711 2544 ‘¹
743 2520 824 2560 See
849 2520 928 2571 Ep.
954 2523 992 2560 7.
1020 2524 1032 2558 l
1062 2520 1216 2564 above,
1240 2523 1340 2558 note
1361 2519 1398 2560 b.

308 2593 369 2633 44
