1837 3029
847 175 1098 223 CICERO

226 307 316 352 tibi
354 322 648 368 persuasum
686 311 781 359 est,
818 303 923 351 fore
960 312 1155 351 ceteros
1191 304 1256 350 ab
1291 320 1351 351 eo
1386 303 1584 359 liberos,
1620 321 1719 367 quo

227 400 382 443 invito
407 397 547 443 nobis
572 399 621 442 in
647 398 742 442 ista
766 397 971 441 civitate
995 395 1129 441 locus
1154 411 1252 441 non
1277 397 1342 441 sit
1365 395 1384 441 ?
1451 393 1549 453 Qui
1573 411 1719 458 porro

225 488 293 545 id,
318 487 452 551 quod
476 490 625 550 petis,
650 486 755 533 fieri
779 493 949 548 potest.
973 493 1029 532 ut
1054 489 1294 548 impetres
1318 486 1336 532 ?
1378 485 1544 550 Rogas
1569 489 1721 543 enim,

227 579 348 627 velit
375 595 464 625 nos
493 577 653 625 salvos
683 594 792 624 esse
816 594 827 625 ς
875 577 1102 623 videmur
1130 594 1250 641 ergo
1277 577 1370 624 tibi
1397 577 1614 624 salutem
1642 595 1720 625 ac-

226 672 439 733 cepturi,
483 686 597 715 cum
642 671 797 715 vitam
842 667 1225 731 acceperimus?
1288 684 1458 731 quam,
1501 671 1541 715 si
1585 671 1718 731 prius

227 762 528 808 dimittimus
564 760 870 823 dignitatem
906 766 960 806 et
994 759 1304 814 libertatem,
1339 762 1423 822 qui
1459 775 1720 821 possumus

178 860 204 899 6
229 851 497 915 accipere?
565 851 647 898 An
678 857 735 897 tu
769 850 958 897 Romae
991 849 1240 905 habitare,
1272 850 1322 896 id
1355 857 1503 913 putas
1535 850 1720 898 incolu-

227 961 362 991 mem
407 943 558 990 esse?
619 959 716 997 res,
760 959 859 988 non
902 941 1035 988 locus
1080 948 1282 1004 oportet
1324 948 1552 1005 praestet
1593 945 1721 990 istuc

228 1035 348 1082 mihi
375 1052 384 1081 :
429 1051 594 1097 neque
622 1033 881 1080 incolumis
911 1033 1125 1079 Caesare
1154 1036 1263 1080 vivo
1290 1032 1379 1088 fui,
1406 1036 1498 1079 nisi
1523 1041 1722 1096 postea-

228 1144 381 1190 quam
405 1125 525 1172 illud
549 1127 763 1171 conscivi
786 1124 996 1180 facinus,
1020 1140 1186 1187 neque
1211 1141 1423 1187 usquam
1448 1124 1589 1171 exsul
1613 1142 1721 1172 esse

229 1235 448 1282 possum,
475 1217 595 1263 dum
622 1219 806 1263 servire
834 1223 887 1262 et
913 1218 1020 1278 pati
1046 1215 1375 1262 contumelias
1401 1219 1542 1278 peius
1569 1216 1722 1264 odero

228 1309 368 1356 malis
396 1309 625 1355 omnibus
653 1307 773 1353 aliis.
845 1307 1024 1353 Nonne
1050 1305 1143 1353 hoc
1169 1313 1248 1353 est
1273 1310 1324 1353 in
1350 1306 1554 1354 easdem
1580 1313 1722 1355 tene-

227 1402 341 1448 bras
378 1399 630 1454 recidisse‚
666 1401 707 1445 si
750 1398 814 1445 ab
851 1415 928 1453 eo,
966 1401 1050 1460 qui
1088 1400 1289 1460 tyranni
1327 1414 1512 1444 nomen
1548 1402 1722 1446 ascivit

227 1493 519 1547 sibi,—cum
556 1494 607 1536 in
646 1489 849 1536 Graecis
888 1490 1174 1535 civitatibus
1213 1489 1356 1535 liberi
1392 1496 1721 1553 tyrannorum

229 1585 477 1646 oppressis
517 1581 608 1628 illis
651 1581 830 1628 eodem
870 1581 1111 1643 supplicio
1151 1581 1722 1643 afficiantur‚—petitur‚

228 1682 284 1721 ut
308 1673 526 1721 vindices
549 1680 702 1735 atque
725 1688 1043 1734 oppressores
1065 1671 1418 1717 dominationis
1439 1671 1559 1718 salvi
1580 1675 1680 1719 sint
1704 1672 1722 1718 ?

230 1766 375 1812 Hanc
410 1781 504 1828 ego
538 1767 797 1810 civitatem
832 1762 1001 1809 videre
1037 1762 1185 1809 velim
1219 1769 1308 1808 aut
1341 1769 1519 1824 putem
1553 1763 1722 1818 ullam,

230 1873 360 1920 quae
391 1872 455 1902 ne
488 1855 730 1901 traditam
761 1854 966 1917 quidem
1001 1860 1157 1916 atque
1191 1853 1491 1899 inculcatam
1523 1853 1725 1901 liberta-

228 1955 335 1995 tem
366 1949 590 2010 recipere
621 1948 778 2008 possit
809 1945 1021 2007 plusque
1056 1947 1239 1991 timeat
1272 1948 1321 1990 in
1353 1962 1508 2006 puero
1539 1962 1722 1992 nomen

228 2039 412 2086 sublati
446 2041 596 2101 regis,
631 2054 782 2100 quam
819 2036 1039 2083 confidat
1075 2036 1186 2091 sibi,
1216 2052 1330 2082 cum
1367 2036 1504 2082 illum
1542 2039 1722 2099 ipsum,

229 2133 313 2194 qui
338 2132 581 2176 maximas
613 2145 733 2191 opes
759 2127 1011 2183 habuerit,
1037 2144 1310 2189 paucorum
1342 2130 1529 2174 virtute
1559 2127 1723 2175 subla-

229 2229 339 2268 tum
384 2220 590 2267 videat?
665 2219 753 2266 Me
795 2236 911 2265 vero
953 2217 1162 2281 posthac
1194 2232 1258 2264 ne
1293 2218 1721 2265 commendaveris

229 2315 431 2359 Caesari
451 2319 557 2367 tuo,
579 2327 642 2357 ne
662 2318 715 2357 te
743 2310 947 2373 quidem
973 2313 1154 2372 ipsum,
1174 2312 1214 2356 si
1239 2325 1321 2356 me
1347 2309 1546 2356 audies:
1577 2310 1722 2356 valde

228 2420 342 2450 care
361 2406 597 2450 aestimas
615 2409 691 2448 tot
710 2418 883 2456 annos,
901 2408 1025 2464 quot
1042 2404 1137 2447 ista
1155 2407 1295 2447 aetas
1312 2403 1560 2463 recipit,si
1575 2417 1723 2463 prop-

178 2500 204 2541 7
228 2501 309 2541 ter
335 2511 447 2541 eam
471 2510 674 2540 causam
700 2510 857 2556 puero
883 2495 965 2539 isti
985 2492 1354 2554 supplicaturus
1381 2507 1450 2541 es.
1501 2490 1722 2548 Deinde,

226 2599 321 2640 '724
