1837 3029
884 173 1134 220 CICERO

266 303 472 366 placuit,
501 311 557 350 ut
583 321 708 366 opus
733 303 988 366 publicum
1022 303 1278 350 videretur
1303 320 1430 360 esse,
1455 311 1660 367 praeter
1683 319 1751 350 cl„

264 401 394 447 pass.
463 384 583 430 Sum
607 387 737 430 enim
760 386 867 446 ipse
888 400 1091 430 mensus
1113 383 1175 429 ab
1197 401 1257 431 eo
1276 383 1551 447 ponticulo,
1571 387 1656 447 qui
1676 390 1752 431 est

265 465 329 512 ad
371 466 602 519 Furinae,
640 464 889 510 Satricum
927 480 1114 511 versus.
1182 464 1258 512 Eo
1293 463 1402 512 loco
1438 464 1618 528 pulvis,
1653 480 1752 511 non

264 545 435 609 glarca
457 549 641 591 iniecta
663 552 740 591 cst
760 545 831 608 (id
851 545 1172 608 mutabitur),
1193 552 1246 592 et
1266 562 1326 592 ea
1345 548 1454 592 viae
1474 562 1589 608 pars
1609 544 1752 592 valde

265 626 460 673 acclivis
501 633 597 682 est,
636 626 727 673 sed
765 625 994 672 intellexi
1034 625 1181 672 aliter
1220 626 1335 673 duci
1375 643 1472 673 non
1512 628 1754 688 potuisse,

264 710 563 769 praesertim
597 723 711 752 cum
745 713 802 753 tu
837 723 1003 769 neque
1037 723 1128 769 per
1163 706 1431 762 Locustae,
1464 722 1631 769 neque
1665 721 1754 768 per

264 787 499 833 Varronis
539 787 691 833 velles
731 787 931 833 ducere.
1001 787 1157 833 Varro
1197 794 1316 833 ante
1356 803 1502 833 suum
1539 785 1751 832 fundum

264 884 420 930 prope
446 871 714 914 munierat.
786 867 1006 914 Locusta
1030 884 1130 913 non
1156 871 1401 931 attigerat
1424 882 1436 922 ;
1479 883 1630 930 quem
1657 881 1752 929 ego

264 948 454 995 Romae
474 949 742 1013 aggrediar
761 956 831 1004 et,
850 955 908 995 ut
925 949 1157 1004 arbitror,
1173 949 1519 1004 commovebo,
1537 954 1590 994 et
1606 942 1752 993 simul

267 1030 339 1075 M.
377 1030 617 1086 Taurum,
654 1046 807 1092 quem
844 1030 937 1076 tibi
974 1030 1124 1076 audio
1159 1032 1463 1092 promisisse,
1499 1032 1581 1091 qui
1620 1042 1751 1074 nunc

263 1111 452 1157 Romae
471 1118 598 1165 erat,
614 1111 678 1157 de
696 1128 826 1173 aqua
843 1127 934 1172 per
948 1109 1162 1157 fundum
1179 1113 1285 1156 eius
1301 1110 1534 1157 ducenda
1545 1108 1751 1171 rogabo.

213 1200 237 1236 5
264 1191 622 1254 Nicephorum,
647 1191 863 1238 villicum
889 1198 1053 1247 tuum,
1078 1208 1198 1238 sane
1223 1192 1431 1253 probavi
1454 1205 1466 1246 ;
1507 1190 1753 1253 quaesivi·

261 1289 360 1334 que
384 1289 446 1318 ex
468 1289 545 1328 eo,
566 1273 747 1335 ecquid
768 1276 813 1318 ei
834 1273 896 1319 de
917 1272 999 1318 illa
1019 1270 1457 1319 aedificatiuncula
1478 1270 1669 1325 Lateri,
1687 1269 1751 1316 de

261 1370 362 1415 qua
396 1370 595 1400 mecum
629 1352 826 1400 locutus
862 1370 933 1409 es,
967 1353 1324 1399 mandavisses.
1392 1352 1522 1398 Tum
1555 1354 1595 1398 is
1629 1349 1749 1396 mihi

260 1435 539 1496 respondit,
564 1450 618 1481 se
643 1437 808 1497 ipsum
835 1437 940 1481 eius
966 1437 1130 1496 operis
1157 1433 1241 1480 HS
1266 1449 1366 1479 XVI.
1391 1433 1750 1480 conductorem

260 1513 432 1571 fuisse,
460 1516 549 1562 sed
576 1522 630 1562 te
658 1522 839 1578 postea
873 1515 1036 1562 multa
1072 1515 1325 1562 addidisse
1362 1514 1427 1561 ad
1458 1530 1602 1576 opus,
1627 1510 1748 1558 nihil

260 1596 324 1643 ad
361 1599 619 1659 pretium3
673 1599 849 1660 itaque
886 1596 939 1643 id
975 1612 1029 1643 se
1068 1599 1308 1643 omisisse.
1380 1594 1508 1641 Mihi
1544 1591 1748 1640 hercule

260 1677 405 1723 valde
428 1677 615 1740 placet,
639 1684 692 1724 te
715 1677 817 1733 illa,
842 1684 899 1724 ut
921 1678 1286 1732 constituebas,
1310 1676 1497 1723 addere
1522 1691 1533 1730 ;
1574 1690 1748 1738 quam-

260 1775 412 1820 quam
446 1775 507 1805 ea
537 1758 670 1814 villa,
701 1775 833 1821 quae
865 1775 997 1805 nunc
1030 1765 1126 1813 est,
1157 1765 1421 1821 tamquam
1451 1753 1748 1819 philosopha

260 1839 459 1885 videtur
495 1855 622 1894 esse,
657 1856 788 1901 quae
823 1840 1060 1901 obiurget
1093 1846 1378 1885 ceterarum
1413 1837 1640 1884 villarum
1674 1838 1746 1881 in-

259 1921 466 1965 saniam.
535 1920 900 1966 Verumtamen
966 1920 1088 1965 illud
1155 1920 1385 1965 additum
1452 1917 1744 1965 delectabit.

252 1999 542 2060 Topiarium
592 1999 793 2045 laudavi
819 2013 830 2052 3
898 1999 970 2043 ita
1021 2000 1187 2043 omnia
1241 2000 1493 2043 convestit
1545 1994 1750 2048 hedera,

251 2095 352 2142 qua
377 2080 537 2125 basim
566 2079 730 2135 villae,
757 2095 858 2142 qua
881 2077 1269 2124 intercolumnia
1295 2076 1670 2130 ambulationis,
1695 2081 1752 2121 ut

321 2194 339 2213 ⁰
373 2190 572 2241 Nothing
597 2190 725 2229 much
751 2191 785 2229 is
809 2189 970 2229 known
995 2190 1044 2229 of
1062 2190 1147 2229 this
1170 2189 1372 2240 goddess.

324 2243 340 2266 ⁶
372 2243 410 2283 A
433 2244 591 2293 village
614 2246 654 2283 in
678 2244 750 2283 the
773 2243 1135 2294 neighbourhood
1158 2244 1206 2283 of
1225 2245 1458 2294 Arpinum.

322 2302 336 2321 ⁶
368 2297 394 2313 “
415 2297 607 2346 Quintus
631 2311 769 2337 seems
794 2302 838 2337 to
863 2298 973 2337 have
996 2297 1146 2336 drawn
1171 2297 1244 2337 the
1269 2296 1374 2336 road
1399 2298 1443 2336 in
1466 2295 1573 2336 such
1597 2308 1623 2334 a
1647 2307 1744 2345 way

264 2364 312 2390 as
333 2355 408 2390 not
428 2355 473 2390 to
493 2351 642 2390 trench
665 2364 720 2390 on
743 2351 854 2391 their
874 2355 1095 2402 property,
1113 2350 1201 2391 and
1225 2352 1267 2390 in
1292 2355 1438 2391 return
1462 2350 1516 2390 he
1537 2347 1744 2400 expected

264 2405 370 2445 each
399 2406 641 2455 prcprietor
667 2409 711 2444 to
739 2404 852 2456 keep
878 2405 951 2446 the
978 2404 1085 2446 road
1112 2406 1156 2445 in
1183 2406 1326 2457 repair
1352 2404 1494 2445 where
1520 2404 1553 2444 it
1577 2401 1744 2444 skirted

264 2458 331 2498 his
353 2458 534 2498 estate.'‘
593 2457 775 2508 Tyrrell.

320 2511 340 2536 ‘¹
371 2512 523 2552 About
542 2512 674 2553 ..1:140.

267 2580 360 2624 552
