1837 3029
872 145 1122 192 CICERO

250 275 374 321 Erat
398 278 712 337 exspectatio
737 275 1058 337 reliquiarum
1084 275 1309 328 Antonii,
1333 289 1485 336 quem
1510 275 1743 335 equitatu

250 356 631 420 legionibusque
659 373 844 417 magna
873 372 934 401 cx
963 361 1107 417 parte
1135 355 1372 417 spoliaras
1398 371 1409 400 ε
1454 370 1515 400 ea
1541 369 1742 416 quoque

249 438 427 486 habuit
461 442 655 486 exitum
689 437 1002 500 optabilem;
1053 453 1171 482 nam
1204 444 1324 483 tuae
1357 436 1578 492 litterae,
1612 451 1741 499 quae

249 524 493 568 recitatae
527 523 579 566 in
612 527 795 566 senatu
829 526 964 574 sunt,
1000 526 1053 565 et
1087 521 1402 581 imperatoris
1439 525 1492 565 et
1526 517 1741 564 militum

251 607 491 649 virtutem
525 609 579 649 et
610 602 909 649 industriam
941 607 1162 656 tuorum,
1195 604 1246 647 in
1279 602 1458 664 quibus
1492 599 1742 647 Ciceronis

250 689 367 741 mei,
390 684 663 731 declarant.
734 683 884 742 Quod
905 686 945 729 si
967 686 1065 730 tuis
1088 683 1359 744 placuisset
1380 682 1443 729 de
1466 682 1540 729 his
1562 682 1743 729 litteris

250 766 424 814 referri
456 774 510 814 et
540 769 634 813 nisi
664 769 715 812 in
745 773 948 828 tempus
980 765 1472 812 turbulentissimum
1502 771 1617 827 post
1648 764 1744 810 dis-

248 866 444 896 cessum
490 849 683 896 Pansae
729 848 941 895 consulis
987 847 1296 903 incidissent,
1338 846 1496 894 honos
1542 862 1742 910 quoque

250 936 407 978 iustus
452 939 503 978 et
546 931 747 977 debitus
790 930 864 977 dis
907 929 1272 975 immortalibus
1315 929 1548 975 decretus
1592 935 1740 975 esset.

200 1021 224 1060 3
251 1015 379 1059 lsscce
408 1015 501 1059 tibi
533 1014 657 1059 Idib.
691 1012 846 1074 April.
878 1012 1080 1058 advolat
1108 1028 1256 1057 mane
1286 1011 1432 1057 Celer
1461 1010 1629 1066 Pilius,
1659 1013 1742 1073 qui

249 1099 337 1152 vir,
384 1096 435 1142 di
481 1097 616 1151 boni,
665 1112 816 1157 quam
863 1097 1044 1157 gravis,
1092 1110 1245 1156 quam
1291 1100 1543 1148 constans,
1590 1109 1742 1156 quam

249 1180 493 1225 bonarum
520 1181 571 1223 in
597 1194 650 1223 rc
680 1177 878 1238 publica
911 1180 1132 1238 partium
1157 1176 1166 1222 !
1212 1175 1291 1221 hic
1327 1175 1565 1237 epistulas
1598 1174 1741 1222 affert

247 1261 388 1316 duas,
420 1277 572 1306 unam
604 1267 691 1305 tuo
724 1262 942 1313 nomine,
975 1258 1186 1304 alteram
1219 1260 1463 1312 Antonii3
1512 1257 1601 1304 dat
1632 1256 1741 1303 Ser-

248 1343 360 1389 vilio
412 1344 615 1389 tribuno
667 1341 845 1404 plebis,
897 1341 979 1387 ille
1033 1342 1255 1387 Cornuto
1281 1357 1291 1387 ε
1362 1343 1639 1386 recitantur
1691 1343 1740 1385 in

246 1433 441 1472 senatu.
512 1426 774 1471 ANTomus
809 1439 1004 1470 Pnocos.
1032 1440 1043 1469 :
1083 1440 1267 1487 magna
1301 1422 1584 1479 admiratio,
1607 1429 1664 1469 ut
1700 1425 1740 1469 si

247 1514 381 1554 esset
407 1510 676 1554 recitatum
704 1506 1002 1553 DOLABELLA
1030 1521 1337 1561 IMPERATOR,
1359 1522 1387 1551 a
1408 1521 1507 1569 quo
1533 1504 1738 1569 quidem

246 1597 490 1637 venerant
511 1589 777 1645 tabellarii,
800 1589 890 1635 sed
911 1605 1060 1635 nemo
1084 1588 1175 1634 Pili
1197 1588 1385 1643 similis,
1408 1591 1493 1651 qui
1514 1586 1738 1651 proferre

246 1673 439 1719 litteras
485 1672 698 1718 auderet
743 1679 832 1718 aut
877 1672 1256 1735 magistratibus
1301 1670 1530 1717 reddere.
1598 1670 1737 1717 Tuae

244 1758 538 1810 recitantur,
582 1755 759 1801 breves
804 1754 918 1800 illae
963 1753 1186 1816 quidem,
1230 1752 1321 1800 sed
1363 1756 1415 1799 in
1458 1753 1738 1800 Antonium

245 1837 518 1883 admodum
562 1836 736 1882 lenes:
801 1835 1131 1882 vehementer
1175 1835 1451 1882 admiratus
1496 1842 1738 1891 senatus;

245 1919 365 1965 mihi
415 1926 589 1965 autem
639 1935 738 1965 non
790 1925 899 1964 erat
950 1917 1275 1980 explicatum,
1326 1917 1447 1980 quid
1496 1933 1701 1981 agerem
1727 1935 1737 1965 τ

244 2001 392 2047 falsas
427 2001 688 2047 dicerem?
743 2000 880 2063 quid,
915 2003 953 2046 si
988 2007 1046 2046 tu
1080 2016 1164 2046 eas
1199 2000 1571 2062 approbasses?
1623 2016 1737 2047 con-

194 2091 220 2128 4
246 2083 532 2129 firmarem?
576 2100 674 2129 non
700 2090 809 2129 erat
834 2082 1095 2145 dignitatis
1119 2089 1255 2128 tuae.
1320 2082 1501 2144 Itaque
1526 2082 1606 2129 ille
1632 2082 1737 2129 dies

244 2164 478 2217 silentio3
531 2164 772 2226 postridie
808 2172 999 2219 autem,
1035 2180 1149 2210 cum
1185 2180 1348 2210 sermo
1383 2164 1738 2211 increbruisset

252 2388 284 2427 C
310 2340 328 2358 ⁰
363 2333 582 2385 Probably
614 2338 658 2374 to
691 2334 743 2374 bc
775 2333 996 2373 identified
1030 2334 1132 2373 with
1164 2347 1221 2373 an
1252 2333 1436 2373 obscure
1467 2335 1661 2384 partisan
1693 2334 1744 2373 of

289 2402 328 2466 ag
344 2402 427 2484 ⁵3?
446 2441 660 2481 Caecilius
677 2441 912 2487 Cornutus,
930 2446 1104 2493 praetor
1121 2441 1330 2482 urbanus.
1394 2441 1445 2481 In
1461 2441 1535 2481 the
1551 2441 1738 2482 absence

251 2499 301 2536 of
319 2497 390 2536 the
413 2496 600 2542 consuls.
625 2497 677 2536 lie
700 2496 901 2548 presidcd
925 2511 1026 2536 over
1047 2497 1120 2537 the
1144 2498 1317 2537 Senate.

244 2568 337 2610 640
