1837 3029
827 180 1076 228 CICERO

210 316 409 370 deatur,
433 320 492 360 ut
515 329 544 359 a
574 319 626 358 te
652 311 876 374 plurimis
902 310 1064 356 verbis
1089 309 1394 356 contendam
1420 325 1476 356 ac
1503 316 1695 372 petam,

210 412 268 452 ut
301 421 454 468 quam
485 402 1042 450 honorificentissimum
1076 407 1282 446 senatus
1315 399 1599 447 consultum
1632 401 1696 448 de

212 499 335 542 meis
362 495 512 540 rebus
540 495 697 556 gestis
725 490 1012 537 faciendum
1041 507 1201 546 cures,
1230 507 1329 536 non
1358 490 1521 537 audeo
1549 489 1698 537 vehe-

213 593 412 633 menter
439 601 467 630 a
494 591 547 630 te
575 582 902 637 contendere,
929 597 992 627 ne
1021 588 1110 627 aut
1136 584 1243 643 ipse
1271 589 1391 627 tuae
1419 589 1698 644 perpetuae

212 675 588 724 consuetudinis
629 689 751 736 erga
789 688 872 718 me
912 671 1097 719 oblitus
1139 688 1247 717 esse
1290 672 1477 728 videar,
1518 680 1607 719 aut
1646 680 1699 720 te

165 767 426 815 3oblitum
471 772 665 827 putem.
745 763 933 822 Quare,
979 769 1036 809 ut
1081 770 1134 809 te
1181 762 1308 809 velle
1354 763 1585 819 arbitror,
1628 766 1700 810 ita

215 858 414 912 faciam,
433 864 587 918 atque
609 856 671 901 ab
693 871 769 908 eo,
790 870 941 917 quem
961 870 1135 900 omnes
1153 860 1335 917 gentes
1354 857 1519 900 sciunt
1537 854 1600 901 de
1619 871 1700 900 me

215 952 406 1012 optime
447 950 702 1000 meritum,
742 947 963 991 breviter
1001 952 1191 1006 petam.
1265 943 1314 990 Si
1356 944 1436 990 alii
1475 945 1702 992 consules

217 1046 405 1094 essent,
439 1037 503 1085 ad
535 1044 589 1084 te
623 1039 958 1100 potissimum,
993 1034 1183 1091 Paulle,
1217 1038 1493 1092 mitterem,
1528 1043 1585 1083 ut
1619 1053 1702 1083 eos

216 1130 338 1177 mihi
380 1145 532 1192 quam
570 1130 893 1174 amicissimos
933 1126 1187 1173 reddereS.
1256 1126 1419 1182 Nunc,
1455 1143 1569 1173 cum
1614 1134 1704 1174 tua

217 1236 414 1268 summa
441 1226 670 1282 potestas
699 1233 997 1280 summaque
1028 1219 1319 1273 auctoritaS,
1348 1223 1572 1281 notaque
1602 1235 1706 1265 om-

217 1313 364 1359 nibus
391 1318 563 1357 nostra
589 1309 908 1356 necessitudo
934 1311 1018 1364 sit,
1045 1307 1377 1355 vehementer
1401 1315 1456 1356 te
1482 1326 1623 1372 rogo,
1649 1316 1706 1356 ut

219 1411 273 1451 et
312 1419 465 1466 quam
504 1400 1005 1448 honorificentissime
1044 1415 1187 1446 cures
1227 1399 1603 1447 decernendum
1642 1400 1706 1447 de

218 1497 343 1542 meis
378 1494 528 1540 rebus
564 1495 739 1556 gestis,
776 1498 828 1538 et
865 1507 1017 1554 quam
1053 1490 1328 1538 celerrime.
1400 1490 1594 1555 Dignas
1628 1507 1706 1539 res

220 1601 328 1632 esse
355 1584 544 1631 honore
572 1590 625 1629 et
651 1581 1011 1646 gratulatione,
1037 1597 1308 1645 cognosces
1336 1597 1399 1628 ex
1425 1584 1483 1628 iis
1509 1581 1707 1637 litteris,

219 1692 343 1740 quas
383 1675 448 1722 ad
486 1681 539 1720 te
581 1680 633 1719 et
673 1672 918 1736 collegam
959 1678 1013 1719 et
1051 1679 1286 1719 senatum
1325 1672 1524 1735 publice
1563 1676 1707 1727 misi3

219 1769 545 1828 omniumque
582 1780 808 1810 mearum
843 1762 1149 1826 reliquarum
1183 1779 1353 1809 rerum
1386 1766 1709 1827 maximeque

221 1857 607 1904 existimationis
634 1869 782 1901 meae
810 1857 1215 1916 procurationem
1244 1860 1532 1916 susceptam
1561 1853 1708 1900 velim

220 1948 425 1995 habeas.
502 1945 562 1992 In
599 1947 875 2008 primisque
915 1944 1007 1991 tibi
1043 1960 1193 1990 curae
1231 1946 1314 2000 sit,
1350 1944 1486 2008 quod
1533 1945 1621 1991 abs
1656 1951 1710 1992 te

221 2037 559 2101 superioribus
594 2051 796 2099 quoque
828 2033 1012 2082 litteris
1045 2037 1222 2098 petivi,
1255 2050 1319 2081 ne
1353 2033 1474 2083 mihi
1509 2041 1711 2098 tempus

223 2135 537 2192 prorogetur.
614 2126 774 2189 Cupio
812 2132 866 2172 te
903 2124 1159 2172 consulem
1197 2126 1382 2181 videre,
1425 2129 1711 2189 omniaque,

225 2235 355 2283 quae
392 2234 556 2282 spero,
603 2233 717 2264 cum
763 2217 962 2272 absens,
1005 2223 1114 2262 turn
1159 2218 1314 2262 etiam
1357 2232 1613 2278 praesens,
1659 2223 1712 2263 te

226 2308 428 2355 consule
455 2311 668 2370 assequi.
738 2306 877 2353 Vale.

240 2599 334 2639 284
