1837 3029
861 157 1111 205 CICERO

240 303 330 350 per
355 287 725 350 Cappadociam
752 289 1024 335 arbitratus
1051 306 1159 335 sum
1184 304 1195 343 ;
1241 296 1351 336 erat
1378 291 1509 335 enim
1538 303 1720 351 magna

239 359 469 418 suspicio,
495 355 723 411 Parthos,
747 359 787 402 si
813 372 875 402 ex
901 355 1044 419 Syria
1069 357 1241 419 egredi
1266 363 1422 419 atque
1445 359 1721 417 irrumpere

238 425 288 467 in
313 438 479 468 meam
505 426 808 484 provinciam
834 429 1154 478 conarentur,
1178 426 1276 469 iter
1303 439 1386 469 eos
1412 438 1502 485 per
1529 422 1722 483 Cappa-

237 489 450 545 dociam,
498 490 633 552 quod
682 505 743 535 ea
790 493 1010 535 maxime
1058 497 1278 551 pateret,
1327 506 1436 536 esse
1484 488 1720 534 facturos.

190 562 214 601 2
241 555 422 618 Itaque
454 572 567 602 cum
600 559 825 602 exercitu
858 573 948 618 per
980 557 1329 618 Cappadociae
1360 563 1559 618 partem
1591 571 1722 609 eam,

239 638 369 684 quae
403 639 516 668 cum
551 623 720 669 Cilicia
753 627 1016 669 continens
1051 631 1145 678 est,
1179 627 1276 669 iter
1309 622 1423 678 feci,
1456 629 1722 684 castraque

239 689 302 735 ad
330 689 580 752 Cybistra.
607 691 740 751 quod
768 691 1007 751 oppidum
1037 698 1115 736 est
1143 691 1205 736 ad
1232 698 1457 736 montem
1484 690 1722 743 Taurum,

237 754 411 809 locavi,
454 764 510 802 ut
563 757 888 811 Artavasdes,
935 773 1022 803 rex
1072 758 1357 806 Armenius,
1404 771 1722 820 quocumque

238 826 405 869 animo
423 831 574 878 esset,
591 827 741 870 sciret
761 841 859 869 non
877 823 1048 885 procul
1067 841 1095 869 a
1120 828 1218 869 suis
1245 825 1424 869 finibus
1443 827 1721 869 exercitum

237 889 407 951 populi
423 889 633 936 Romani
649 907 776 946 esse,
792 898 845 937 et
860 891 1157 936 Deiotarum
1169 927 1178 945 ,
1192 891 1533 937 fidelissimum
1547 905 1722 952 regem

239 963 392 1018 atque
418 960 772 1004 amicissimum
792 958 1098 1020 reipublicae
1122 965 1342 1013 nostrae,
1365 961 1585 1003 maxime
1608 972 1723 1002 con-

237 1026 463 1069 iunctum
485 1023 745 1080 haberem,
765 1028 904 1071 cuius
927 1032 980 1071 et
1001 1025 1203 1071 consilio
1227 1032 1279 1071 et
1300 1026 1477 1087 opibus
1500 1025 1722 1071 adiuvari

190 1096 214 1135 3
238 1098 409 1151 posset
440 1091 736 1152 respublica.
806 1092 919 1150 Quo
942 1109 1055 1138 cum
1079 1095 1128 1137 in
1153 1092 1260 1138 loco
1282 1099 1447 1138 castra
1480 1091 1720 1138 haberem

239 1160 628 1221 equitatumque
657 1161 709 1204 in
741 1158 964 1205 Ciliciam
994 1162 1258 1215 misissem,
1291 1166 1347 1205 ut
1379 1166 1432 1205 et
1462 1175 1605 1205 meus
1638 1157 1723 1204 ad-

240 1232 420 1271 ventus
469 1228 526 1271 iis
575 1227 881 1281 civitatibus,
931 1242 1062 1288 quae
1119 1229 1170 1272 in
1221 1243 1282 1272 ea
1337 1233 1484 1288 parte
1535 1231 1722 1279 essent,

240 1294 501 1337 nuntiatus
537 1292 777 1339 firmiores
813 1296 1004 1339 animos
1041 1296 1263 1338 omnium
1294 1291 1505 1349 faceret,
1537 1299 1590 1339 et
1627 1308 1722 1354 ego

239 1365 455 1413 mature,
477 1360 599 1421 quid
620 1367 860 1422 ageretur
879 1363 930 1405 in
953 1359 1113 1422 Syria,
1135 1363 1259 1406 scire
1282 1376 1499 1422 possem,
1519 1367 1722 1421 tempus

240 1428 346 1471 eius
386 1426 538 1472 tridui
579 1427 715 1488 quod
753 1429 805 1472 in
845 1425 920 1472 his
961 1430 1135 1473 castris
1175 1428 1407 1473 morabar
1445 1430 1498 1473 in
1537 1442 1722 1487 magno

187 1498 214 1536 4
237 1491 395 1538 officio
428 1500 481 1539 et
518 1496 799 1540 necessario
834 1492 955 1539 mihi
1002 1494 1292 1556 ponendum
1339 1496 1529 1556 putavi.
1597 1493 1722 1538 Cum

240 1562 373 1604 enim
407 1567 575 1606 vestra
607 1564 880 1607 auctoritas
912 1564 1297 1616 intercessisset,
1330 1568 1388 1607 ut
1421 1577 1516 1623 ego
1549 1576 1721 1621 regem

240 1627 650 1682 Ariobarzanem,
679 1628 931 1673 Eusebem
959 1635 1012 1674 et
1045 1627 1500 1683 Philorhomaeum,
1535 1635 1723 1675 tuerer,

241 1696 448 1755 eiusque
494 1698 626 1756 regis
671 1694 905 1749 salutem,
945 1694 1366 1751 incolumitatem,
1407 1709 1723 1757 regnumque

241 1759 588 1816 defenderem,
636 1765 744 1824 regi
792 1778 1051 1823 regnoque
1105 1762 1354 1824 praesidio
1409 1777 1590 1816 essem,
1640 1761 1724 1806 ad-

240 1830 649 1890 iunxissetisque,
685 1828 899 1874 salutem
950 1833 1055 1874 eius
1093 1833 1225 1891 regis
1272 1828 1457 1890 populo
1503 1830 1723 1874 senatui-

303 2032 321 2051 ⁰
352 2028 391 2068 A
421 2028 608 2068 staunch
637 2028 727 2080 ally
757 2030 807 2069 of
834 2028 974 2069 Rome
1012 2030 1055 2069 in
1093 2028 1168 2069 the
1200 2028 1476 2069 Mithridatio
1514 2042 1639 2075 warS,
1669 2029 1723 2068 he

248 2094 335 2121 was
361 2082 583 2122 rewarded
604 2083 708 2123 with
735 2082 810 2123 the
827 2082 921 2123 title
946 2083 997 2122 of
1012 2082 1138 2134 king,
1158 2082 1247 2122 and
1273 2083 1347 2123 the
1367 2082 1565 2122 addition
1592 2088 1636 2122 to
1657 2083 1723 2123 hie.

243 2134 493 2175 dominions
523 2137 573 2176 of
599 2137 810 2177 Armenia
843 2136 1005 2177 Minor.
1067 2137 1135 2177 He
1164 2136 1325 2189 fought
1353 2138 1422 2177 for
1453 2137 1650 2188 Pompey
1678 2142 1724 2176 at

248 2189 486 2236 Pharsalia,
516 2190 604 2229 and
637 2203 724 2230 was
751 2190 959 2242 deprived
989 2191 1048 2241 by
1074 2191 1236 2240 Caesar
1264 2192 1315 2230 of
1338 2195 1437 2243 part
1465 2192 1515 2230 of
1555 2191 1621 2230 his
1647 2190 1725 2230 do-

245 2245 447 2291 minions‚
469 2244 549 2283 but
567 2244 749 2285 allowed
770 2249 815 2284 to
836 2247 972 2285 retain
995 2245 1060 2284 his
1082 2244 1201 2296 regal
1220 2244 1326 2285 title.
1383 2244 1583 2284 Accused
1605 2246 1648 2284 in
1669 2248 1723 2283 45

246 2297 301 2347 hy
332 2298 397 2337 his
419 2298 644 2392 {randson
673 2298 828 2339 Castor
857 2300 907 2337 of
932 2299 1096 2350 having
1125 2298 1291 2350 plotted
1321 2300 1497 2350 against
1526 2297 1724 2339 Caesar's

245 2350 317 2389 life
347 2354 387 2390 in
463 2351 611 2395 alatia.
641 2352 694 2393 he
724 2366 812 2391 was
844 2352 1061 2392 defended
1100 2352 1159 2404 by
1198 2352 1350 2392 Cicero
1379 2354 1422 2392 in
1462 2352 1528 2392 his
1565 2352 1723 2404 speech

244 2404 332 2443 Pro
352 2405 465 2456 Reye
486 2406 703 2446 Deiotaro.
757 2406 825 2446 He
845 2406 944 2446 died
969 2411 1014 2446 at
1034 2420 1060 2446 a
1081 2411 1206 2457 great
1226 2420 1309 2457 age
1331 2408 1373 2445 in
1395 2408 1465 2446 42.

305 2458 319 2481 ⁶
353 2459 672 2500 Ariobarzanes
716 2459 816 2505 III„
860 2460 957 2499 who
998 2459 1119 2500 sided
1164 2460 1266 2499 with
1312 2459 1509 2511 Pompey
1549 2461 1723 2511 against

244 2510 420 2559 Caesar.
463 2513 543 2553 but
586 2527 673 2553 was
716 2514 977 2565 gencronsly
1020 2513 1187 2554 treated
1231 2514 1291 2566 by
1334 2514 1407 2553 the
1450 2514 1591 2559 latter,
1634 2513 1721 2552 and

251 2576 343 2623 236
