1837 3029
863 161 1112 207 CICERO

247 293 301 340 C.
339 293 597 339 Fundanio
628 294 892 353 pecuniam
925 289 1202 336 solvissent.
1273 290 1507 352 Itemque
1539 292 1729 337 misisse

247 384 311 431 ad
334 382 767 445 Apollonidenses,
790 397 852 427 ne
877 381 939 426 de
963 381 1123 434 bonis,
1146 395 1276 442 quae
1300 380 1479 426 Octavi
1501 378 1730 434 fuissent,

246 475 468 522 deminui
510 479 826 535 paterentur,
866 474 1155 533 priusquam
1201 471 1461 517 Fundanio
1502 471 1729 518 debitum

246 566 465 613 solutum
497 570 644 610 esset.
715 562 856 607 Haec
885 560 1004 607 mihi
1037 561 1321 607 verisimilia
1351 578 1449 608 non
1481 561 1728 608 videntur.

246 657 375 704 Sunt
418 658 550 702 enim
595 670 623 699 a
666 653 936 716 prudentia
978 658 1066 698 tua
1109 654 1457 698 remotissima.
1527 651 1603 698 Ne
1646 653 1730 699 de-

245 752 440 796 minuat
468 746 612 792 heres
636 746 653 790 ?
722 744 856 801 Quid
883 746 922 789 si
949 742 1234 788 infitiatur?
1303 742 1437 801 Quid
1463 746 1503 789 si
1530 747 1731 790 omnino

248 858 346 887 non
366 837 617 886 debetur?
682 835 816 893 Quid
836 835 853 880 ἓ
916 841 1119 896 praetor
1138 833 1265 880 solet
1282 834 1502 880 iudicare
1521 835 1692 881 deberi
1712 835 1729 880 ἓ

247 931 422 990 Quid?
470 946 564 991 ogo
597 927 853 973 Fundanio
882 943 979 971 non
1007 927 1153 986 cupio
1177 925 1193 969 Ρ
1240 941 1339 971 non
1367 928 1554 972 amicus
1581 926 1728 973 sum?

247 1040 347 1070 non
387 1018 724 1067 misericordia
765 1017 1006 1063 moveor?
1071 1015 1231 1061 Nemo
1271 1019 1467 1080 magis3
1525 1017 1615 1064 sed
1655 1020 1732 1063 via

246 1117 364 1161 iuris
401 1110 643 1157 eiusmodi
681 1114 758 1154 est
794 1107 1093 1170 quibusdam
1131 1109 1182 1150 in
1218 1107 1384 1161 rebus,
1420 1113 1478 1153 ut
1513 1106 1635 1153 nihil
1667 1111 1732 1154 sit

247 1204 338 1252 loci
357 1205 568 1267 gratiae.
639 1201 809 1260 Atque
829 1202 900 1244 ita
919 1197 1037 1243 mihi
1058 1198 1258 1244 dicebat
1280 1197 1476 1244 Flavius
1493 1202 1732 1261 scriptum

246 1299 298 1343 in
325 1311 385 1341 ea
412 1290 644 1355 epistula,
670 1306 824 1352 quam
848 1295 990 1335 tuam
1018 1305 1126 1335 esse
1152 1289 1372 1343 dicebat,
1398 1295 1451 1335 te
1478 1296 1568 1336 aut
1593 1293 1732 1353 quasi

248 1388 417 1434 amicis
456 1386 555 1430 tuis
593 1384 782 1445 gratias
821 1386 1068 1434 acturum,
1108 1386 1197 1425 aut
1236 1382 1376 1443 quasi
1415 1382 1625 1426 inimicis
1662 1384 1735 1427 in-

174 1487 220 1526 11
248 1475 511 1525 commoda
542 1473 778 1520 laturum.
848 1470 982 1529 Quid
1015 1470 1216 1517 multa?
1267 1469 1467 1518 ferebat
1497 1475 1735 1535 graviter,

247 1570 299 1616 id
327 1567 656 1613 vehementer
680 1578 880 1609 mecum
908 1562 1234 1624 querebatur,
1261 1562 1559 1625 orabatque,
1588 1570 1645 1610 ut
1671 1564 1734 1611 ad

247 1667 300 1708 te
329 1674 480 1722 quam
507 1654 890 1718 diligentissime
917 1653 1186 1699 scriberem
1211 1668 1222 1707 ;
1268 1653 1402 1715 quod
1429 1652 1574 1710 facio,
1603 1661 1656 1700 et
1681 1661 1733 1701 te

249 1765 446 1814 prorsus
482 1746 811 1793 vehementer
846 1747 1000 1790 etiam
1036 1750 1191 1806 atque
1228 1747 1381 1790 etiam
1417 1762 1556 1808 rogo,
1592 1752 1648 1792 ut
1683 1752 1736 1792 et

248 1838 651 1906 procuratoribus
682 1836 818 1882 Flavi
847 1838 1078 1882 remittas
1109 1835 1171 1881 de
1201 1836 1558 1891 deminuendo,
1589 1843 1643 1882 et
1671 1836 1734 1883 de

250 1929 740 1995 ApollonidensibuS,
776 1943 839 1973 ne
876 1926 996 1990 quid
1031 1927 1357 1988 praescribas,
1393 1927 1527 1989 quod
1563 1934 1737 1973 contra

251 2023 474 2070 Flavium
492 2024 574 2075 sit,
593 2018 822 2081 amplius,
841 2024 894 2063 et
913 2016 1049 2062 Flavi
1068 2033 1216 2062 causa
1235 2023 1287 2062 et
1305 2015 1493 2063 scilicet
1512 2016 1736 2080 Pompei,

249 2113 401 2160 facies
435 2113 617 2157 omnia.
688 2107 813 2155 Nolo
846 2108 1042 2154 medius
1077 2107 1221 2154 fidius
1256 2122 1318 2153 ex
1353 2113 1443 2153 tua
1476 2109 1654 2153 iniuria
1686 2110 1735 2153 in

249 2203 386 2249 illum
417 2203 509 2248 tibi
538 2199 797 2247 liberalem
827 2214 908 2245 me
940 2198 1130 2253 videri3
1177 2197 1267 2243 sed
1296 2196 1347 2243 id
1377 2203 1430 2243 te
1460 2213 1564 2252 oro,
1594 2203 1651 2243 ut
1679 2203 1734 2243 tu

250 2297 356 2356 ipse
394 2294 750 2338 auctoritatem
791 2296 844 2336 et
882 2294 1266 2335 monumentum
1307 2285 1509 2350 aliquod
1545 2286 1735 2334 decreti

387 2489 404 2507 ⁶
438 2484 473 2522 Λ
499 2487 613 2522 town
636 2482 679 2521 in
703 2479 862 2532 Lydia,
883 2479 1078 2520 between
1103 2478 1367 2530 Pergamum
1389 2476 1476 2517 and
1499 2475 1664 2518 Sardis.

261 2554 354 2596 450
