<?xml version="1.0" encoding="UTF-8"?>
<!DOCTYPE html PUBLIC "-//W3C//DTD XHTML 1.0 Transitional//EN"
    "http://www.w3.org/TR/xhtml1/DTD/xhtml1-transitional.dtd">
<html xmlns="http://www.w3.org/1999/xhtml" xml:lang="en" lang="en">
 <head>
  <title>
</title>
<meta http-equiv="Content-Type" content="text/html;charset=utf-8" />
  <meta name='ocr-system' content='tesseract 3.04.00' />
  <meta name='ocr-capabilities' content='ocr_page ocr_carea ocr_par ocr_line ocrx_word'/>
</head>
<body>
  <div class='ocr_page' id='page_1' title='image "./letterstohisfrie03ciceuoft_0640.png"; bbox 0 0 1837 3029; ppageno 0'>
   <div class='ocr_carea' id='block_1_1' title="bbox 863 193 1113 241">
    <p class='ocr_par' dir='ltr' id='par_1_1' title="bbox 863 193 1113 241">
     <span class='ocr_line' id='line_1_1' title="bbox 863 193 1113 241; baseline 0 0"><span class='ocrx_word' id='word_1_1' title='bbox 863 193 1113 241; x_wconf 87' lang='lat' dir='ltr'>CICERO</span> 
     </span>
    </p>
   </div>
   <div class='ocr_carea' id='block_1_2' title="bbox 196 321 1735 1796">
    <p class='ocr_par' dir='ltr' id='par_1_2' title="bbox 196 321 1735 1796">
     <span class='ocr_line' id='line_1_2' title="bbox 243 321 1728 386; baseline -0.001 -16"><span class='ocrx_word' id='word_1_2' title='bbox 243 323 463 379; x_wconf 91' lang='lat' dir='ltr'><strong>iudicio;</strong></span> <span class='ocrx_word' id='word_1_3' title='bbox 526 326 564 370; x_wconf 92' lang='lat' dir='ltr'><strong>si</strong></span> <span class='ocrx_word' id='word_1_4' title='bbox 613 339 705 386; x_wconf 91' lang='lat' dir='ltr'><strong>per</strong></span> <span class='ocrx_word' id='word_1_5' title='bbox 750 323 1072 378; x_wconf 88' lang='lat' dir='ltr'><strong>dictatorem,</strong></span> <span class='ocrx_word' id='word_1_6' title='bbox 1118 330 1293 369; x_wconf 91' lang='lat' dir='ltr'><strong>tamen</strong></span> <span class='ocrx_word' id='word_1_7' title='bbox 1339 325 1447 370; x_wconf 89' lang='lat' dir='ltr'><strong>sine</strong></span> <span class='ocrx_word' id='word_1_8' title='bbox 1492 321 1728 385; x_wconf 86' lang='lat' dir='ltr'><strong>periculo.</strong></span> 
     </span>
     <span class='ocr_line' id='line_1_3' title="bbox 246 389 1730 437; baseline -0.001 0"><span class='ocrx_word' id='word_1_9' title='bbox 246 391 345 437; x_wconf 91' lang='lat' dir='ltr'><strong>Odi</strong></span> <span class='ocrx_word' id='word_1_10' title='bbox 391 390 514 437; x_wconf 91' lang='lat' dir='ltr'><strong>nihil</strong></span> <span class='ocrx_word' id='word_1_11' title='bbox 557 390 731 436; x_wconf 88' lang='lat' dir='ltr'><strong>habet.</strong></span> <span class='ocrx_word' id='word_1_12' title='bbox 800 390 1041 436; x_wconf 86' lang='lat' dir='ltr'><strong>Hortensi</strong></span> <span class='ocrx_word' id='word_1_13' title='bbox 1086 390 1220 436; x_wconf 91' lang='lat' dir='ltr'><strong>calor</strong></span> <span class='ocrx_word' id='word_1_14' title='bbox 1263 389 1481 436; x_wconf 85' lang='lat' dir='ltr'><strong>multum</strong></span> <span class='ocrx_word' id='word_1_15' title='bbox 1525 389 1730 436; x_wconf 86' lang='lat' dir='ltr'><strong>valebit.</strong></span> 
     </span>
     <span class='ocr_line' id='line_1_4' title="bbox 247 456 1731 519; baseline -0.001 -15"><span class='ocrx_word' id='word_1_16' title='bbox 247 458 430 504; x_wconf 85' lang='lat' dir='ltr'><strong>Gabini</strong></span> <span class='ocrx_word' id='word_1_17' title='bbox 498 457 747 503; x_wconf 80' lang='lat' dir='ltr'><strong>absolutio</strong></span> <span class='ocrx_word' id='word_1_18' title='bbox 809 457 892 503; x_wconf 90' lang='lat' dir='ltr'><strong>lex</strong></span> <span class='ocrx_word' id='word_1_19' title='bbox 959 460 1277 519; x_wconf 89' lang='lat' dir='ltr'><strong>impunitatis</strong></span> <span class='ocrx_word' id='word_1_20' title='bbox 1343 464 1571 519; x_wconf 91' lang='lat' dir='ltr'><strong>putatur.</strong></span> <span class='ocrx_word' id='word_1_21' title='bbox 1647 456 1731 502; x_wconf 63' lang='lat' dir='ltr'><strong>’Eu</strong></span> 
     </span>
     <span class='ocr_line' id='line_1_5' title="bbox 249 523 1729 587; baseline -0.001 -17"><span class='ocrx_word' id='word_1_22' title='bbox 249 525 597 587; x_wconf 74' lang='grc' dir='ltr'>παρέργῳ-(16</span> <span class='ocrx_word' id='word_1_23' title='bbox 622 525 872 571; x_wconf 79' lang='lat' dir='ltr'><strong>dictatore</strong></span> <span class='ocrx_word' id='word_1_24' title='bbox 897 531 1072 570; x_wconf 89' lang='lat' dir='ltr'><strong>tamen</strong></span> <span class='ocrx_word' id='word_1_25' title='bbox 1101 531 1272 570; x_wconf 88' lang='lat' dir='ltr'><strong>actum</strong></span> <span class='ocrx_word' id='word_1_26' title='bbox 1297 523 1461 570; x_wconf 90' lang='lat' dir='ltr'><strong>adhuc</strong></span> <span class='ocrx_word' id='word_1_27' title='bbox 1486 523 1608 569; x_wconf 81' lang='lat' dir='ltr'><strong>nihil</strong></span> <span class='ocrx_word' id='word_1_28' title='bbox 1637 530 1729 570; x_wconf 83' lang='lat' dir='ltr'><strong>est.</strong></span> 
     </span>
     <span class='ocr_line' id='line_1_6' title="bbox 248 591 1732 653; baseline -0.001 -15"><span class='ocrx_word' id='word_1_29' title='bbox 248 592 517 653; x_wconf 82' lang='lat' dir='ltr'><strong>Pompeius</strong></span> <span class='ocrx_word' id='word_1_30' title='bbox 564 592 745 646; x_wconf 76' lang='lat' dir='ltr'><strong>abest3</strong></span> <span class='ocrx_word' id='word_1_31' title='bbox 809 592 1005 653; x_wconf 89' lang='lat' dir='ltr'><strong>Appius</strong></span> <span class='ocrx_word' id='word_1_32' title='bbox 1050 595 1264 646; x_wconf 88' lang='lat' dir='ltr'><strong>miscet;</strong></span> <span class='ocrx_word' id='word_1_33' title='bbox 1329 591 1507 637; x_wconf 91' lang='lat' dir='ltr'><strong>Hirrus</strong></span> <span class='ocrx_word' id='word_1_34' title='bbox 1552 598 1732 653; x_wconf 81' lang='lat' dir='ltr'><strong>parat3</strong></span> 
     </span>
     <span class='ocr_line' id='line_1_7' title="bbox 246 657 1733 720; baseline -0.001 -15"><span class='ocrx_word' id='word_1_35' title='bbox 246 659 391 705; x_wconf 85' lang='lat' dir='ltr'><strong>multi</strong></span> <span class='ocrx_word' id='word_1_36' title='bbox 414 663 770 705; x_wconf 79' lang='lat' dir='ltr'><strong>intercessores</strong></span> <span class='ocrx_word' id='word_1_37' title='bbox 792 665 1125 704; x_wconf 83' lang='lat' dir='ltr'><strong>numerantur</strong></span> <span class='ocrx_word' id='word_1_38' title='bbox 1147 674 1159 714; x_wconf 92' lang='lat'>;</span> <span class='ocrx_word' id='word_1_39' title='bbox 1198 657 1413 720; x_wconf 88' lang='lat' dir='ltr'><strong>populus</strong></span> <span class='ocrx_word' id='word_1_40' title='bbox 1435 675 1535 704; x_wconf 90' lang='lat' dir='ltr'><strong>non</strong></span> <span class='ocrx_word' id='word_1_41' title='bbox 1555 665 1699 705; x_wconf 91' lang='lat' dir='ltr'><strong>curat</strong></span> <span class='ocrx_word' id='word_1_42' title='bbox 1721 673 1733 712; x_wconf 89' lang='lat'>;</span> 
     </span>
     <span class='ocr_line' id='line_1_8' title="bbox 197 725 1733 788; baseline 0.001 -17"><span class='ocrx_word' id='word_1_43' title='bbox 197 735 222 771; x_wconf 89' lang='grc'>4</span> <span class='ocrx_word' id='word_1_44' title='bbox 247 730 496 788; x_wconf 81' lang='lat' dir='ltr'><strong>principes</strong></span> <span class='ocrx_word' id='word_1_45' title='bbox 522 725 701 772; x_wconf 88' lang='lat' dir='ltr'><strong>nolunt</strong></span> <span class='ocrx_word' id='word_1_46' title='bbox 725 741 735 780; x_wconf 91' lang='lat'>;</span> <span class='ocrx_word' id='word_1_47' title='bbox 784 742 879 788; x_wconf 86' lang='lat' dir='ltr'><strong>ego</strong></span> <span class='ocrx_word' id='word_1_48' title='bbox 915 729 1135 788; x_wconf 90' lang='lat' dir='ltr'><strong>quiesco.</strong></span> <span class='ocrx_word' id='word_1_49' title='bbox 1205 726 1284 771; x_wconf 94' lang='lat' dir='ltr'><strong>De</strong></span> <span class='ocrx_word' id='word_1_50' title='bbox 1313 728 1574 787; x_wconf 87' lang='lat' dir='ltr'><strong>mancipiis</strong></span> <span class='ocrx_word' id='word_1_51' title='bbox 1599 725 1733 788; x_wconf 93' lang='lat' dir='ltr'><strong>quod</strong></span> 
     </span>
     <span class='ocr_line' id='line_1_9' title="bbox 247 792 1733 855; baseline 0 -17"><span class='ocrx_word' id='word_1_52' title='bbox 247 793 367 839; x_wconf 85' lang='lat' dir='ltr'><strong>mihi</strong></span> <span class='ocrx_word' id='word_1_53' title='bbox 400 793 665 855; x_wconf 90' lang='lat' dir='ltr'><strong>polliceris,</strong></span> <span class='ocrx_word' id='word_1_54' title='bbox 697 792 842 839; x_wconf 88' lang='lat' dir='ltr'><strong>valde</strong></span> <span class='ocrx_word' id='word_1_55' title='bbox 875 799 928 839; x_wconf 92' lang='lat' dir='ltr'><strong>te</strong></span> <span class='ocrx_word' id='word_1_56' title='bbox 962 808 1110 847; x_wconf 81' lang='lat' dir='ltr'><strong>amo3</strong></span> <span class='ocrx_word' id='word_1_57' title='bbox 1161 799 1214 838; x_wconf 91' lang='lat' dir='ltr'><strong>et</strong></span> <span class='ocrx_word' id='word_1_58' title='bbox 1246 809 1356 838; x_wconf 89' lang='lat' dir='ltr'><strong>sum</strong></span> <span class='ocrx_word' id='word_1_59' title='bbox 1389 792 1647 855; x_wconf 90' lang='lat' dir='ltr'><strong>equidem,</strong></span> <span class='ocrx_word' id='word_1_60' title='bbox 1676 799 1733 838; x_wconf 91' lang='lat' dir='ltr'><strong>ut</strong></span> 
     </span>
     <span class='ocr_line' id='line_1_10' title="bbox 245 858 1734 922; baseline -0.001 -16"><span class='ocrx_word' id='word_1_61' title='bbox 245 862 436 915; x_wconf 84' lang='lat' dir='ltr'><strong>scribis,</strong></span> <span class='ocrx_word' id='word_1_62' title='bbox 452 867 505 906; x_wconf 89' lang='lat' dir='ltr'><strong>et</strong></span> <span class='ocrx_word' id='word_1_63' title='bbox 523 860 713 906; x_wconf 86' lang='lat' dir='ltr'><strong>Romae</strong></span> <span class='ocrx_word' id='word_1_64' title='bbox 732 863 852 906; x_wconf 90' lang='lat' dir='ltr'><strong>etin</strong></span> <span class='ocrx_word' id='word_1_65' title='bbox 868 860 1087 922; x_wconf 91' lang='lat' dir='ltr'><strong>praediis</strong></span> <span class='ocrx_word' id='word_1_66' title='bbox 1102 858 1412 922; x_wconf 88' lang='lat' dir='ltr'><strong>infrequens.</strong></span> <span class='ocrx_word' id='word_1_67' title='bbox 1478 858 1580 906; x_wconf 87' lang='lat' dir='ltr'><strong>Sed</strong></span> <span class='ocrx_word' id='word_1_68' title='bbox 1594 875 1734 914; x_wconf 92' lang='lat' dir='ltr'><strong>cave,</strong></span> 
     </span>
     <span class='ocr_line' id='line_1_11' title="bbox 246 927 1734 990; baseline -0.001 -16"><span class='ocrx_word' id='word_1_69' title='bbox 246 929 446 983; x_wconf 89' lang='lat' dir='ltr'><strong>amabo,</strong></span> <span class='ocrx_word' id='word_1_70' title='bbox 483 928 780 990; x_wconf 86' lang='lat' dir='ltr'><strong>quidquam,</strong></span> <span class='ocrx_word' id='word_1_71' title='bbox 817 927 954 990; x_wconf 92' lang='lat' dir='ltr'><strong>quod</strong></span> <span class='ocrx_word' id='word_1_72' title='bbox 991 927 1056 974; x_wconf 91' lang='lat' dir='ltr'><strong>ad</strong></span> <span class='ocrx_word' id='word_1_73' title='bbox 1093 943 1265 973; x_wconf 90' lang='lat' dir='ltr'><strong>meum</strong></span> <span class='ocrx_word' id='word_1_74' title='bbox 1301 927 1622 973; x_wconf 90' lang='lat' dir='ltr'><strong>commodum</strong></span> <span class='ocrx_word' id='word_1_75' title='bbox 1658 933 1734 973; x_wconf 89' lang='lat' dir='ltr'><strong>at-</strong></span> 
     </span>
     <span class='ocr_line' id='line_1_12' title="bbox 245 994 1733 1050; baseline -0.001 -9"><span class='ocrx_word' id='word_1_76' title='bbox 245 999 428 1050; x_wconf 87' lang='lat' dir='ltr'><strong>tineat,</strong></span> <span class='ocrx_word' id='word_1_77' title='bbox 463 998 557 1041; x_wconf 90' lang='lat' dir='ltr'><strong>nisi</strong></span> <span class='ocrx_word' id='word_1_78' title='bbox 595 998 818 1040; x_wconf 89' lang='lat' dir='ltr'><strong>maximo</strong></span> <span class='ocrx_word' id='word_1_79' title='bbox 857 1001 947 1041; x_wconf 90' lang='lat' dir='ltr'><strong>tuo</strong></span> <span class='ocrx_word' id='word_1_80' title='bbox 986 994 1252 1041; x_wconf 91' lang='lat' dir='ltr'><strong>commodo</strong></span> <span class='ocrx_word' id='word_1_81' title='bbox 1292 1001 1347 1040; x_wconf 90' lang='lat' dir='ltr'><strong>et</strong></span> <span class='ocrx_word' id='word_1_82' title='bbox 1384 997 1607 1040; x_wconf 88' lang='lat' dir='ltr'><strong>maxima</strong></span> <span class='ocrx_word' id='word_1_83' title='bbox 1644 1001 1733 1040; x_wconf 90' lang='lat' dir='ltr'><strong>tua</strong></span> 
     </span>
     <span class='ocr_line' id='line_1_13' title="bbox 197 1060 1733 1124; baseline -0.001 -16"><span class='ocrx_word' id='word_1_84' title='bbox 197 1071 221 1107; x_wconf 87' lang='lat'>5</span> <span class='ocrx_word' id='word_1_85' title='bbox 246 1061 510 1117; x_wconf 85' lang='lat' dir='ltr'><strong>facultate,</strong></span> <span class='ocrx_word' id='word_1_86' title='bbox 547 1065 615 1107; x_wconf 90' lang='lat' dir='ltr'><strong>mi</strong></span> <span class='ocrx_word' id='word_1_87' title='bbox 654 1060 830 1115; x_wconf 89' lang='lat' dir='ltr'><strong>frater,</strong></span> <span class='ocrx_word' id='word_1_88' title='bbox 867 1064 1119 1124; x_wconf 84' lang='lat' dir='ltr'><strong>cogitaris.</strong></span> <span class='ocrx_word' id='word_1_89' title='bbox 1189 1061 1270 1107; x_wconf 88' lang='lat' dir='ltr'><strong>De</strong></span> <span class='ocrx_word' id='word_1_90' title='bbox 1309 1060 1528 1123; x_wconf 86' lang='lat' dir='ltr'><strong>epistula</strong></span> <span class='ocrx_word' id='word_1_91' title='bbox 1564 1061 1733 1108; x_wconf 85' lang='lat' dir='ltr'><strong>Vatini</strong></span> 
     </span>
     <span class='ocr_line' id='line_1_14' title="bbox 245 1129 1734 1184; baseline 0 -9"><span class='ocrx_word' id='word_1_92' title='bbox 245 1133 344 1176; x_wconf 90' lang='lat' dir='ltr'><strong>risi.</strong></span> <span class='ocrx_word' id='word_1_93' title='bbox 405 1129 505 1175; x_wconf 86' lang='lat' dir='ltr'><strong>Sed</strong></span> <span class='ocrx_word' id='word_1_94' title='bbox 524 1145 606 1175; x_wconf 89' lang='lat' dir='ltr'><strong>me</strong></span> <span class='ocrx_word' id='word_1_95' title='bbox 627 1130 690 1174; x_wconf 92' lang='lat' dir='ltr'><strong>ab</strong></span> <span class='ocrx_word' id='word_1_96' title='bbox 711 1145 770 1175; x_wconf 92' lang='lat' dir='ltr'><strong>eo</strong></span> <span class='ocrx_word' id='word_1_97' title='bbox 789 1132 861 1175; x_wconf 91' lang='lat' dir='ltr'><strong>ita</strong></span> <span class='ocrx_word' id='word_1_98' title='bbox 881 1130 1135 1174; x_wconf 89' lang='lat' dir='ltr'><strong>observari</strong></span> <span class='ocrx_word' id='word_1_99' title='bbox 1153 1132 1273 1184; x_wconf 89' lang='lat' dir='ltr'><strong>scio,</strong></span> <span class='ocrx_word' id='word_1_100' title='bbox 1292 1135 1350 1175; x_wconf 86' lang='lat' dir='ltr'><strong>ut</strong></span> <span class='ocrx_word' id='word_1_101' title='bbox 1369 1131 1474 1174; x_wconf 86' lang='lat' dir='ltr'><strong>eius</strong></span> <span class='ocrx_word' id='word_1_102' title='bbox 1499 1131 1597 1174; x_wconf 91' lang='lat' dir='ltr'><strong>ista</strong></span> <span class='ocrx_word' id='word_1_103' title='bbox 1620 1129 1734 1175; x_wconf 89' lang='lat' dir='ltr'><strong>odia</strong></span> 
     </span>
     <span class='ocr_line' id='line_1_15' title="bbox 196 1195 1734 1258; baseline -0.001 -15"><span class='ocrx_word' id='word_1_104' title='bbox 196 1206 220 1243; x_wconf 87' lang='lat'>6</span> <span class='ocrx_word' id='word_1_105' title='bbox 242 1213 340 1242; x_wconf 93' lang='lat' dir='ltr'><strong>non</strong></span> <span class='ocrx_word' id='word_1_106' title='bbox 359 1197 591 1242; x_wconf 88' lang='lat' dir='ltr'><strong>sorbeam</strong></span> <span class='ocrx_word' id='word_1_107' title='bbox 609 1195 789 1251; x_wconf 87' lang='lat' dir='ltr'><strong>solum,</strong></span> <span class='ocrx_word' id='word_1_108' title='bbox 807 1196 897 1242; x_wconf 82' lang='lat' dir='ltr'><strong>sed</strong></span> <span class='ocrx_word' id='word_1_109' title='bbox 916 1198 1073 1242; x_wconf 89' lang='lat' dir='ltr'><strong>etiam</strong></span> <span class='ocrx_word' id='word_1_110' title='bbox 1090 1212 1417 1258; x_wconf 89' lang='lat' dir='ltr'><strong>concoquam.</strong></span> <span class='ocrx_word' id='word_1_111' title='bbox 1485 1195 1634 1254; x_wconf 83' lang='lat' dir='ltr'><strong>Quod</strong></span> <span class='ocrx_word' id='word_1_112' title='bbox 1652 1212 1734 1242; x_wconf 89' lang='lat' dir='ltr'><strong>me</strong></span> 
     </span>
     <span class='ocr_line' id='line_1_16' title="bbox 246 1262 1734 1319; baseline 0 -10"><span class='ocrx_word' id='word_1_113' title='bbox 246 1263 479 1319; x_wconf 87' lang='lat' dir='ltr'><strong>hortaris,</strong></span> <span class='ocrx_word' id='word_1_114' title='bbox 508 1271 566 1310; x_wconf 92' lang='lat' dir='ltr'><strong>ut</strong></span> <span class='ocrx_word' id='word_1_115' title='bbox 595 1263 870 1318; x_wconf 89' lang='lat' dir='ltr'><strong>absolvam,</strong></span> <span class='ocrx_word' id='word_1_116' title='bbox 899 1262 1064 1310; x_wconf 90' lang='lat' dir='ltr'><strong>habeo</strong></span> <span class='ocrx_word' id='word_1_117' title='bbox 1094 1262 1383 1309; x_wconf 89' lang='lat' dir='ltr'><strong>absolutum</strong></span> <span class='ocrx_word' id='word_1_118' title='bbox 1412 1279 1585 1319; x_wconf 87' lang='lat' dir='ltr'><strong>suave,</strong></span> <span class='ocrx_word' id='word_1_119' title='bbox 1612 1262 1734 1309; x_wconf 90' lang='lat' dir='ltr'><strong>mihi</strong></span> 
     </span>
     <span class='ocr_line' id='line_1_17' title="bbox 246 1329 1734 1393; baseline 0 -17"><span class='ocrx_word' id='word_1_120' title='bbox 246 1331 453 1393; x_wconf 90' lang='lat' dir='ltr'><strong>quidem</strong></span> <span class='ocrx_word' id='word_1_121' title='bbox 483 1333 557 1376; x_wconf 87' lang='lat' dir='ltr'><strong>uti</strong></span> <span class='ocrx_word' id='word_1_122' title='bbox 594 1331 812 1385; x_wconf 87' lang='lat' dir='ltr'><strong>videtur,</strong></span> <span class='ocrx_word' id='word_1_123' title='bbox 841 1329 947 1378; x_wconf 83' lang='grc' dir='ltr'>ἔπος</span> <span class='ocrx_word' id='word_1_124' title='bbox 983 1330 1048 1377; x_wconf 92' lang='lat' dir='ltr'><strong>ad</strong></span> <span class='ocrx_word' id='word_1_125' title='bbox 1076 1329 1346 1376; x_wconf 86' lang='lat' dir='ltr'><strong>Caesarem</strong></span> <span class='ocrx_word' id='word_1_126' title='bbox 1370 1345 1382 1385; x_wconf 89' lang='lat'>;</span> <span class='ocrx_word' id='word_1_127' title='bbox 1427 1330 1518 1376; x_wconf 91' lang='lat' dir='ltr'><strong>sed</strong></span> <span class='ocrx_word' id='word_1_128' title='bbox 1545 1346 1734 1393; x_wconf 86' lang='lat' dir='ltr'><strong>quaero</strong></span> 
     </span>
     <span class='ocr_line' id='line_1_18' title="bbox 245 1396 1734 1460; baseline -0.002 -16"><span class='ocrx_word' id='word_1_129' title='bbox 245 1397 552 1460; x_wconf 90' lang='lat' dir='ltr'><strong>locupletem</strong></span> <span class='ocrx_word' id='word_1_130' title='bbox 586 1397 927 1452; x_wconf 85' lang='lat' dir='ltr'><strong>tabellarium,</strong></span> <span class='ocrx_word' id='word_1_131' title='bbox 965 1413 1029 1443; x_wconf 91' lang='lat' dir='ltr'><strong>ne</strong></span> <span class='ocrx_word' id='word_1_132' title='bbox 1071 1397 1286 1452; x_wconf 88' lang='lat' dir='ltr'><strong>accidat,</strong></span> <span class='ocrx_word' id='word_1_133' title='bbox 1327 1397 1463 1459; x_wconf 92' lang='lat' dir='ltr'><strong>quod</strong></span> <span class='ocrx_word' id='word_1_134' title='bbox 1497 1396 1734 1460; x_wconf 77' lang='lat' dir='ltr'><strong>Erigonae</strong></span> 
     </span>
     <span class='ocr_line' id='line_1_19' title="bbox 245 1463 1735 1526; baseline -0.001 -15"><span class='ocrx_word' id='word_1_135' title='bbox 245 1472 385 1520; x_wconf 89' lang='lat' dir='ltr'><strong>tuae,</strong></span> <span class='ocrx_word' id='word_1_136' title='bbox 427 1468 506 1511; x_wconf 93' lang='lat' dir='ltr'><strong>cui</strong></span> <span class='ocrx_word' id='word_1_137' title='bbox 548 1464 657 1520; x_wconf 91' lang='lat' dir='ltr'><strong>soli,</strong></span> <span class='ocrx_word' id='word_1_138' title='bbox 698 1464 916 1510; x_wconf 89' lang='lat' dir='ltr'><strong>Caesare</strong></span> <span class='ocrx_word' id='word_1_139' title='bbox 957 1467 1283 1526; x_wconf 87' lang='lat' dir='ltr'><strong>imperatore,</strong></span> <span class='ocrx_word' id='word_1_140' title='bbox 1323 1467 1422 1510; x_wconf 92' lang='lat' dir='ltr'><strong>iter</strong></span> <span class='ocrx_word' id='word_1_141' title='bbox 1465 1480 1528 1510; x_wconf 87' lang='lat' dir='ltr'><strong>ex</strong></span> <span class='ocrx_word' id='word_1_142' title='bbox 1571 1463 1735 1510; x_wconf 89' lang='lat' dir='ltr'><strong>Gallia</strong></span> 
     </span>
     <span class='ocr_line' id='line_1_20' title="bbox 197 1530 1733 1589; baseline 0 -12"><span class='ocrx_word' id='word_1_143' title='bbox 197 1539 219 1577; x_wconf 87' lang='lat'>7</span> <span class='ocrx_word' id='word_1_144' title='bbox 245 1539 417 1578; x_wconf 85' lang='lat' dir='ltr'><strong>tutum</strong></span> <span class='ocrx_word' id='word_1_145' title='bbox 446 1549 545 1578; x_wconf 90' lang='lat' dir='ltr'><strong>non</strong></span> <span class='ocrx_word' id='word_1_146' title='bbox 574 1530 687 1578; x_wconf 88' lang='lat' dir='ltr'><strong>fuit.</strong></span> <span class='ocrx_word' id='word_1_147' title='bbox 756 1531 891 1589; x_wconf 83' lang='lat' dir='ltr'><strong>Quid</strong></span> <span class='ocrx_word' id='word_1_148' title='bbox 915 1532 932 1578; x_wconf 90' lang='lat'>?</span> <span class='ocrx_word' id='word_1_149' title='bbox 976 1535 1016 1577; x_wconf 90' lang='lat' dir='ltr'><strong>si</strong></span> <span class='ocrx_word' id='word_1_150' title='bbox 1044 1531 1391 1578; x_wconf 81' lang='lat' dir='ltr'><strong>caementum1</strong></span> <span class='ocrx_word' id='word_1_151' title='bbox 1419 1532 1608 1577; x_wconf 90' lang='lat' dir='ltr'><strong>bonum</strong></span> <span class='ocrx_word' id='word_1_152' title='bbox 1634 1548 1733 1577; x_wconf 89' lang='lat' dir='ltr'><strong>non</strong></span> 
     </span>
     <span class='ocr_line' id='line_1_21' title="bbox 244 1598 1733 1661; baseline 0 -17"><span class='ocrx_word' id='word_1_153' title='bbox 244 1599 505 1654; x_wconf 87' lang='lat' dir='ltr'><strong>haberem,</strong></span> <span class='ocrx_word' id='word_1_154' title='bbox 558 1599 885 1645; x_wconf 87' lang='lat' dir='ltr'><strong>deturbarem</strong></span> <span class='ocrx_word' id='word_1_155' title='bbox 940 1599 1265 1645; x_wconf 85' lang='lat' dir='ltr'><strong>aedificium?</strong></span> <span class='ocrx_word' id='word_1_156' title='bbox 1338 1599 1475 1661; x_wconf 92' lang='lat' dir='ltr'><strong>quod</strong></span> <span class='ocrx_word' id='word_1_157' title='bbox 1527 1598 1733 1661; x_wconf 90' lang='lat' dir='ltr'><strong>quidem</strong></span> 
     </span>
     <span class='ocr_line' id='line_1_22' title="bbox 244 1664 1734 1729; baseline 0 -17"><span class='ocrx_word' id='word_1_158' title='bbox 244 1667 472 1729; x_wconf 90' lang='lat' dir='ltr'><strong>quotidie</strong></span> <span class='ocrx_word' id='word_1_159' title='bbox 516 1665 638 1711; x_wconf 90' lang='lat' dir='ltr'><strong>mihi</strong></span> <span class='ocrx_word' id='word_1_160' title='bbox 682 1669 843 1729; x_wconf 87' lang='lat' dir='ltr'><strong>magis</strong></span> <span class='ocrx_word' id='word_1_161' title='bbox 886 1665 1073 1727; x_wconf 86' lang='lat' dir='ltr'><strong>placet,</strong></span> <span class='ocrx_word' id='word_1_162' title='bbox 1116 1669 1167 1711; x_wconf 92' lang='lat' dir='ltr'><strong>in</strong></span> <span class='ocrx_word' id='word_1_163' title='bbox 1211 1668 1487 1728; x_wconf 91' lang='lat' dir='ltr'><strong>primisque</strong></span> <span class='ocrx_word' id='word_1_164' title='bbox 1528 1664 1734 1712; x_wconf 87' lang='lat' dir='ltr'><strong>inferior</strong></span> 
     </span>
     <span class='ocr_line' id='line_1_23' title="bbox 244 1732 1733 1796; baseline -0.001 -16"><span class='ocrx_word' id='word_1_165' title='bbox 244 1737 466 1796; x_wconf 86' lang='lat' dir='ltr'><strong>porticus</strong></span> <span class='ocrx_word' id='word_1_166' title='bbox 501 1740 554 1779; x_wconf 89' lang='lat' dir='ltr'><strong>et</strong></span> <span class='ocrx_word' id='word_1_167' title='bbox 589 1736 695 1779; x_wconf 92' lang='lat' dir='ltr'><strong>eius</strong></span> <span class='ocrx_word' id='word_1_168' title='bbox 728 1732 983 1779; x_wconf 89' lang='lat' dir='ltr'><strong>conclavia</strong></span> <span class='ocrx_word' id='word_1_169' title='bbox 1016 1733 1145 1779; x_wconf 85' lang='lat' dir='ltr'><strong>fiunt</strong></span> <span class='ocrx_word' id='word_1_170' title='bbox 1177 1740 1332 1779; x_wconf 84' lang='lat' dir='ltr'><strong>recte.</strong></span> <span class='ocrx_word' id='word_1_171' title='bbox 1401 1733 1483 1779; x_wconf 89' lang='lat' dir='ltr'><strong>De</strong></span> <span class='ocrx_word' id='word_1_172' title='bbox 1516 1734 1733 1789; x_wconf 90' lang='lat' dir='ltr'><strong>Arcano,</strong></span> 
     </span>
    </p>
   </div>
   <div class='ocr_carea' id='block_1_3' title="bbox 245 1839 1730 2582">
    <p class='ocr_par' dir='ltr' id='par_1_3' title="bbox 247 1839 1730 2000">
     <span class='ocr_line' id='line_1_24' title="bbox 303 1839 1730 1892; baseline 0.001 -12"><span class='ocrx_word' id='word_1_173' title='bbox 303 1840 318 1864; x_wconf 86' lang='lat'>¹</span> <span class='ocrx_word' id='word_1_174' title='bbox 349 1840 501 1880; x_wconf 73' lang='lat' dir='ltr'><strong>Editio</strong></span> <span class='ocrx_word' id='word_1_175' title='bbox 516 1840 805 1881; x_wconf 75' lang='lat' dir='ltr'><strong>Jensone&#39;ana:</strong></span> <span class='ocrx_word' id='word_1_176' title='bbox 836 1854 991 1880; x_wconf 83' lang='lat' dir='ltr'><strong>canem</strong></span> <span class='ocrx_word' id='word_1_177' title='bbox 1013 1845 1103 1880; x_wconf 88' lang='lat' dir='ltr'><strong>tam</strong></span> <span class='ocrx_word' id='word_1_178' title='bbox 1130 1840 1193 1887; x_wconf 81' lang='lat' dir='ltr'><strong>M,</strong></span> <span class='ocrx_word' id='word_1_179' title='bbox 1215 1840 1348 1880; x_wconf 74' lang='lat' dir='ltr'><strong>which</strong></span> <span class='ocrx_word' id='word_1_180' title='bbox 1368 1840 1492 1892; x_wconf 86' lang='lat' dir='ltr'><strong>Prof.</strong></span> <span class='ocrx_word' id='word_1_181' title='bbox 1511 1839 1730 1881; x_wconf 73' lang='lat' dir='ltr'><strong>Robinson</strong></span> 
     </span>
     <span class='ocr_line' id='line_1_25' title="bbox 247 1894 1729 1946; baseline 0.001 -12"><span class='ocrx_word' id='word_1_182' title='bbox 247 1894 364 1934; x_wconf 74' lang='lat' dir='ltr'><strong>Ellis</strong></span> <span class='ocrx_word' id='word_1_183' title='bbox 384 1900 589 1946; x_wconf 73' lang='lat' dir='ltr'><strong>supports</strong></span> <span class='ocrx_word' id='word_1_184' title='bbox 613 1895 714 1934; x_wconf 69' lang='lat' dir='ltr'><strong>with</strong></span> <span class='ocrx_word' id='word_1_185' title='bbox 735 1909 792 1934; x_wconf 83' lang='lat' dir='ltr'><strong>an</strong></span> <span class='ocrx_word' id='word_1_186' title='bbox 814 1896 1040 1945; x_wconf 64' lang='lat' dir='ltr'><strong>inglene&#39;ous</strong></span> <span class='ocrx_word' id='word_1_187' title='bbox 1060 1895 1341 1946; x_wconf 62' lang='lat' dir='ltr'><strong>erplanate&#39;on</strong></span> <span class='ocrx_word' id='word_1_188' title='bbox 1361 1894 1509 1942; x_wconf 72' lang='lat' dir='ltr'><strong>which,</strong></span> <span class='ocrx_word' id='word_1_189' title='bbox 1529 1895 1729 1943; x_wconf 82' lang='lat' dir='ltr'><strong>however,</strong></span> 
     </span>
     <span class='ocr_line' id='line_1_26' title="bbox 247 1949 1031 2000; baseline 0 -12"><span class='ocrx_word' id='word_1_190' title='bbox 247 1949 406 2000; x_wconf 75' lang='lat' dir='ltr'><strong>hardly</strong></span> <span class='ocrx_word' id='word_1_191' title='bbox 429 1950 573 1988; x_wconf 34' lang='lat' dir='ltr'><strong>tallvies</strong></span> <span class='ocrx_word' id='word_1_192' title='bbox 594 1949 695 1988; x_wconf 73' lang='lat' dir='ltr'><strong>u-ith</strong></span> <span class='ocrx_word' id='word_1_193' title='bbox 717 1949 828 1987; x_wconf 71' lang='lat' dir='ltr'><strong>what</strong></span> <span class='ocrx_word' id='word_1_194' title='bbox 842 1949 1031 2000; x_wconf 79' lang='lat' dir='ltr'><strong>follows.</strong></span> 
     </span>
    </p>

    <p class='ocr_par' dir='ltr' id='par_1_4' title="bbox 246 2057 1730 2270">
     <span class='ocr_line' id='line_1_27' title="bbox 304 2057 1730 2110; baseline 0.001 -14"><span class='ocrx_word' id='word_1_195' title='bbox 304 2063 322 2080; x_wconf 78' lang='lat'><strong>⁰</strong></span> <span class='ocrx_word' id='word_1_196' title='bbox 358 2057 564 2104; x_wconf 82' lang='lat' dir='ltr'><strong>Because,</strong></span> <span class='ocrx_word' id='word_1_197' title='bbox 589 2059 631 2097; x_wconf 90' lang='lat' dir='ltr'><strong>in</strong></span> <span class='ocrx_word' id='word_1_198' title='bbox 653 2057 727 2097; x_wconf 90' lang='lat' dir='ltr'><strong>the</strong></span> <span class='ocrx_word' id='word_1_199' title='bbox 748 2057 910 2097; x_wconf 82' lang='lat' dir='ltr'><strong>former</strong></span> <span class='ocrx_word' id='word_1_200' title='bbox 931 2070 1043 2105; x_wconf 86' lang='lat' dir='ltr'><strong>case,</strong></span> <span class='ocrx_word' id='word_1_201' title='bbox 1068 2058 1121 2097; x_wconf 93' lang='lat' dir='ltr'><strong>he</strong></span> <span class='ocrx_word' id='word_1_202' title='bbox 1144 2057 1287 2097; x_wconf 85' lang='lat' dir='ltr'><strong>would</strong></span> <span class='ocrx_word' id='word_1_203' title='bbox 1310 2057 1415 2098; x_wconf 88' lang='lat' dir='ltr'><strong>take</strong></span> <span class='ocrx_word' id='word_1_204' title='bbox 1437 2071 1497 2110; x_wconf 91' lang='lat' dir='ltr'><strong>up</strong></span> <span class='ocrx_word' id='word_1_205' title='bbox 1519 2058 1585 2098; x_wconf 91' lang='lat' dir='ltr'><strong>his</strong></span> <span class='ocrx_word' id='word_1_206' title='bbox 1607 2058 1730 2098; x_wconf 81' lang='lat' dir='ltr'><strong>office</strong></span> 
     </span>
     <span class='ocr_line' id='line_1_28' title="bbox 246 2111 1730 2164; baseline 0.001 -14"><span class='ocrx_word' id='word_1_207' title='bbox 246 2115 292 2150; x_wconf 86' lang='lat' dir='ltr'><strong>at</strong></span> <span class='ocrx_word' id='word_1_208' title='bbox 318 2124 439 2158; x_wconf 88' lang='lat' dir='ltr'><strong>once,</strong></span> <span class='ocrx_word' id='word_1_209' title='bbox 466 2111 555 2150; x_wconf 91' lang='lat' dir='ltr'><strong>and</strong></span> <span class='ocrx_word' id='word_1_210' title='bbox 582 2126 629 2151; x_wconf 91' lang='lat' dir='ltr'><strong>so</strong></span> <span class='ocrx_word' id='word_1_211' title='bbox 655 2124 810 2162; x_wconf 85' lang='lat' dir='ltr'><strong>escape</strong></span> <span class='ocrx_word' id='word_1_212' title='bbox 836 2111 964 2157; x_wconf 86' lang='lat' dir='ltr'><strong>trial;</strong></span> <span class='ocrx_word' id='word_1_213' title='bbox 1010 2113 1052 2151; x_wconf 91' lang='lat' dir='ltr'><strong>in</strong></span> <span class='ocrx_word' id='word_1_214' title='bbox 1079 2112 1153 2151; x_wconf 89' lang='lat' dir='ltr'><strong>the</strong></span> <span class='ocrx_word' id='word_1_215' title='bbox 1179 2111 1319 2159; x_wconf 88' lang='lat' dir='ltr'><strong>latter,</strong></span> <span class='ocrx_word' id='word_1_216' title='bbox 1347 2125 1453 2152; x_wconf 89' lang='lat' dir='ltr'><strong>even</strong></span> <span class='ocrx_word' id='word_1_217' title='bbox 1481 2112 1517 2151; x_wconf 87' lang='lat' dir='ltr'><strong>if</strong></span> <span class='ocrx_word' id='word_1_218' title='bbox 1540 2112 1730 2164; x_wconf 84' lang='lat' dir='ltr'><strong>brought</strong></span> 
     </span>
     <span class='ocr_line' id='line_1_29' title="bbox 247 2164 1729 2218; baseline 0.001 -14"><span class='ocrx_word' id='word_1_219' title='bbox 247 2169 292 2204; x_wconf 90' lang='lat' dir='ltr'><strong>to</strong></span> <span class='ocrx_word' id='word_1_220' title='bbox 317 2164 415 2204; x_wconf 88' lang='lat' dir='ltr'><strong>trial</strong></span> <span class='ocrx_word' id='word_1_221' title='bbox 441 2165 527 2214; x_wconf 85' lang='lat' dir='ltr'><strong>(for</strong></span> <span class='ocrx_word' id='word_1_222' title='bbox 553 2165 693 2204; x_wconf 87' lang='lat' dir='ltr'><strong>which</strong></span> <span class='ocrx_word' id='word_1_223' title='bbox 719 2165 839 2205; x_wconf 86' lang='lat' dir='ltr'><strong>there</strong></span> <span class='ocrx_word' id='word_1_224' title='bbox 865 2164 1008 2205; x_wconf 90' lang='lat' dir='ltr'><strong>would</strong></span> <span class='ocrx_word' id='word_1_225' title='bbox 1035 2165 1090 2205; x_wconf 89' lang='lat' dir='ltr'><strong>be</strong></span> <span class='ocrx_word' id='word_1_226' title='bbox 1115 2167 1237 2216; x_wconf 88' lang='lat' dir='ltr'><strong>time)</strong></span> <span class='ocrx_word' id='word_1_227' title='bbox 1265 2166 1319 2205; x_wconf 89' lang='lat' dir='ltr'><strong>he</strong></span> <span class='ocrx_word' id='word_1_228' title='bbox 1345 2165 1489 2206; x_wconf 92' lang='lat' dir='ltr'><strong>would</strong></span> <span class='ocrx_word' id='word_1_229' title='bbox 1515 2166 1729 2218; x_wconf 79' lang='lat' dir='ltr'><strong>certainly</strong></span> 
     </span>
     <span class='ocr_line' id='line_1_30' title="bbox 249 2218 803 2270; baseline 0.002 -13"><span class='ocrx_word' id='word_1_230' title='bbox 249 2218 301 2258; x_wconf 91' lang='lat' dir='ltr'><strong>be</strong></span> <span class='ocrx_word' id='word_1_231' title='bbox 325 2218 561 2269; x_wconf 84' lang='lat' dir='ltr'><strong>acquitted.</strong></span> <span class='ocrx_word' id='word_1_232' title='bbox 621 2218 803 2270; x_wconf 67' lang='lat' dir='ltr'><strong>&#39;l‘yrrelL</strong></span> 
     </span>
    </p>

    <p class='ocr_par' dir='ltr' id='par_1_5' title="bbox 246 2271 1729 2481">
     <span class='ocr_line' id='line_1_31' title="bbox 307 2271 1729 2324; baseline 0.001 -13"><span class='ocrx_word' id='word_1_233' title='bbox 307 2271 322 2294; x_wconf 61' lang='grc' dir='ltr'><strong>ὸ</strong></span> <span class='ocrx_word' id='word_1_234' title='bbox 354 2273 417 2312; x_wconf 86' lang='lat' dir='ltr'><strong>Or</strong></span> <span class='ocrx_word' id='word_1_235' title='bbox 442 2272 621 2323; x_wconf 77' lang='lat' dir='ltr'><strong>“keeps</strong></span> <span class='ocrx_word' id='word_1_236' title='bbox 641 2273 747 2312; x_wconf 88' lang='lat' dir='ltr'><strong>such</strong></span> <span class='ocrx_word' id='word_1_237' title='bbox 773 2286 799 2312; x_wconf 89' lang='lat' dir='ltr'><strong>a</strong></span> <span class='ocrx_word' id='word_1_238' title='bbox 820 2272 1027 2312; x_wconf 88' lang='lat' dir='ltr'><strong>watchful</strong></span> <span class='ocrx_word' id='word_1_239' title='bbox 1051 2286 1130 2323; x_wconf 82' lang='lat' dir='ltr'><strong>eye</strong></span> <span class='ocrx_word' id='word_1_240' title='bbox 1155 2285 1274 2323; x_wconf 92' lang='lat' dir='ltr'><strong>upon</strong></span> <span class='ocrx_word' id='word_1_241' title='bbox 1303 2272 1417 2314; x_wconf 83' lang='lat' dir='ltr'><strong>me.&#39;&#39;</strong></span> <span class='ocrx_word' id='word_1_242' title='bbox 1476 2272 1517 2313; x_wconf 88' lang='lat' dir='ltr'><strong>It</strong></span> <span class='ocrx_word' id='word_1_243' title='bbox 1543 2286 1729 2324; x_wconf 86' lang='lat' dir='ltr'><strong>appears</strong></span> 
     </span>
     <span class='ocr_line' id='line_1_32' title="bbox 247 2325 1727 2377; baseline 0.002 -13"><span class='ocrx_word' id='word_1_244' title='bbox 247 2325 342 2365; x_wconf 90' lang='lat' dir='ltr'><strong>that</strong></span> <span class='ocrx_word' id='word_1_245' title='bbox 372 2325 574 2365; x_wconf 69' lang='lat' dir='ltr'><strong>Vatinius</strong></span> <span class='ocrx_word' id='word_1_246' title='bbox 604 2326 689 2377; x_wconf 88' lang='lat' dir='ltr'><strong>(for</strong></span> <span class='ocrx_word' id='word_1_247' title='bbox 727 2340 783 2365; x_wconf 86' lang='lat' dir='ltr'><strong>an</strong></span> <span class='ocrx_word' id='word_1_248' title='bbox 822 2330 1009 2365; x_wconf 84' lang='lat' dir='ltr'><strong>account</strong></span> <span class='ocrx_word' id='word_1_249' title='bbox 1036 2327 1085 2366; x_wconf 85' lang='lat' dir='ltr'><strong>of</strong></span> <span class='ocrx_word' id='word_1_250' title='bbox 1112 2327 1254 2365; x_wconf 83' lang='lat' dir='ltr'><strong>whom</strong></span> <span class='ocrx_word' id='word_1_251' title='bbox 1283 2340 1354 2366; x_wconf 86' lang='lat' dir='ltr'><strong>see</strong></span> <span class='ocrx_word' id='word_1_252' title='bbox 1382 2327 1504 2366; x_wconf 79' lang='lat' dir='ltr'><strong>Fam.</strong></span> <span class='ocrx_word' id='word_1_253' title='bbox 1535 2328 1560 2367; x_wconf 90' lang='lat' dir='ltr'><strong>i.</strong></span> <span class='ocrx_word' id='word_1_254' title='bbox 1596 2331 1658 2367; x_wconf 89' lang='lat' dir='ltr'><strong>l9.</strong></span> <span class='ocrx_word' id='word_1_255' title='bbox 1687 2331 1727 2374; x_wconf 76' lang='lat'><strong>4.</strong></span> 
     </span>
     <span class='ocr_line' id='line_1_33' title="bbox 246 2379 1727 2430; baseline 0.001 -11"><span class='ocrx_word' id='word_1_256' title='bbox 246 2383 285 2426; x_wconf 84' lang='lat'><strong>7,</strong></span> <span class='ocrx_word' id='word_1_257' title='bbox 320 2382 383 2427; x_wconf 87' lang='lat'><strong>19,</strong></span> <span class='ocrx_word' id='word_1_258' title='bbox 412 2383 466 2419; x_wconf 80' lang='lat'><strong>:20</strong></span> <span class='ocrx_word' id='word_1_259' title='bbox 494 2379 582 2418; x_wconf 87' lang='lat' dir='ltr'><strong>and</strong></span> <span class='ocrx_word' id='word_1_260' title='bbox 611 2394 649 2419; x_wconf 83' lang='lat' dir='ltr'><strong>v.</strong></span> <span class='ocrx_word' id='word_1_261' title='bbox 673 2383 711 2420; x_wconf 88' lang='lat'><strong>9.</strong></span> <span class='ocrx_word' id='word_1_262' title='bbox 740 2380 779 2430; x_wconf 91' lang='lat' dir='ltr'><strong>l)</strong></span> <span class='ocrx_word' id='word_1_263' title='bbox 809 2379 894 2419; x_wconf 88' lang='lat' dir='ltr'><strong>had</strong></span> <span class='ocrx_word' id='word_1_264' title='bbox 919 2382 1086 2419; x_wconf 84' lang='lat' dir='ltr'><strong>written</strong></span> <span class='ocrx_word' id='word_1_265' title='bbox 1118 2394 1143 2419; x_wconf 87' lang='lat' dir='ltr'><strong>a</strong></span> <span class='ocrx_word' id='word_1_266' title='bbox 1174 2379 1296 2419; x_wconf 79' lang='lat' dir='ltr'><strong>letter</strong></span> <span class='ocrx_word' id='word_1_267' title='bbox 1326 2385 1372 2419; x_wconf 88' lang='lat' dir='ltr'><strong>to</strong></span> <span class='ocrx_word' id='word_1_268' title='bbox 1401 2380 1562 2420; x_wconf 86' lang='lat' dir='ltr'><strong>Caesar</strong></span> <span class='ocrx_word' id='word_1_269' title='bbox 1592 2381 1727 2420; x_wconf 78' lang='lat' dir='ltr'><strong>about</strong></span> 
     </span>
     <span class='ocr_line' id='line_1_34' title="bbox 246 2433 1019 2481; baseline 0.003 -9"><span class='ocrx_word' id='word_1_270' title='bbox 246 2433 398 2473; x_wconf 81' lang='lat' dir='ltr'><strong>Cicero</strong></span> <span class='ocrx_word' id='word_1_271' title='bbox 418 2433 558 2472; x_wconf 85' lang='lat' dir='ltr'><strong>which</strong></span> <span class='ocrx_word' id='word_1_272' title='bbox 581 2433 774 2481; x_wconf 68' lang='lat' dir='ltr'><strong>Quintus</strong></span> <span class='ocrx_word' id='word_1_273' title='bbox 796 2433 882 2472; x_wconf 88' lang='lat' dir='ltr'><strong>had</strong></span> <span class='ocrx_word' id='word_1_274' title='bbox 905 2446 1019 2474; x_wconf 84' lang='lat' dir='ltr'><strong>seen.</strong></span> 
     </span>
    </p>

    <p class='ocr_par' dir='ltr' id='par_1_6' title="bbox 245 2486 1728 2582">
     <span class='ocr_line' id='line_1_35' title="bbox 306 2486 1728 2580; baseline 0.001 -54"><span class='ocrx_word' id='word_1_275' title='bbox 306 2486 582 2580; x_wconf 67' lang='lat' dir='ltr'><strong>‘RQuintus&#39;s</strong></span> <span class='ocrx_word' id='word_1_276' title='bbox 605 2486 805 2537; x_wconf 80' lang='lat' dir='ltr'><strong>tragedy.</strong></span> <span class='ocrx_word' id='word_1_277' title='bbox 828 2487 902 2526; x_wconf 86' lang='lat' dir='ltr'><strong>the</strong></span> <span class='ocrx_word' id='word_1_278' title='bbox 928 2488 1133 2538; x_wconf 64' lang='lat' dir='ltr'><strong>Iu‘riyona,</strong></span> <span class='ocrx_word' id='word_1_279' title='bbox 1159 2486 1244 2526; x_wconf 87' lang='lat' dir='ltr'><strong>had</strong></span> <span class='ocrx_word' id='word_1_280' title='bbox 1270 2487 1378 2527; x_wconf 87' lang='lat' dir='ltr'><strong>been</strong></span> <span class='ocrx_word' id='word_1_281' title='bbox 1403 2487 1485 2527; x_wconf 86' lang='lat' dir='ltr'><strong>lost</strong></span> <span class='ocrx_word' id='word_1_282' title='bbox 1508 2489 1551 2527; x_wconf 90' lang='lat' dir='ltr'><strong>in</strong></span> <span class='ocrx_word' id='word_1_283' title='bbox 1573 2489 1728 2529; x_wconf 85' lang='lat' dir='ltr'><strong>transit</strong></span> 
     </span>
     <span class='ocr_line' id='line_1_36' title="bbox 245 2545 465 2582; baseline 0.009 -3"><span class='ocrx_word' id='word_1_284' title='bbox 245 2545 289 2579; x_wconf 93' lang='lat' dir='ltr'><strong>to</strong></span> <span class='ocrx_word' id='word_1_285' title='bbox 355 2554 465 2582; x_wconf 85' lang='lat' dir='ltr'><strong>ome.</strong></span> 
     </span>
    </p>
   </div>
   <div class='ocr_carea' id='block_1_4' title="bbox 248 2604 340 2651">
    <p class='ocr_par' dir='ltr' id='par_1_7' title="bbox 248 2604 340 2651">
     <span class='ocr_line' id='line_1_37' title="bbox 248 2604 340 2651; baseline 0.022 -2"><span class='ocrx_word' id='word_1_286' title='bbox 248 2604 340 2651; x_wconf 79' lang='lat'><strong>608</strong></span> 
     </span>
    </p>
   </div>
  </div>
 </body>
</html>
