1868 3040
892 167 1144 214 CICERO

275 294 454 351 Velim,
477 299 749 343 memoriae
779 303 899 343 tuae
932 313 1100 352 causa,
1121 296 1210 343 des
1242 295 1525 343 litterarum
1553 294 1758 358 aliquid,

274 393 404 438 quae
430 378 520 423 tibi
548 381 597 422 in
624 380 875 439 provincia
899 377 1178 423 reddantur
1200 392 1211 431 3
1253 377 1343 423 sed
1367 380 1440 422 ita
1462 376 1759 431 conscribas,

275 464 332 503 ut
365 464 491 512 tum,
522 475 635 504 cum
669 474 752 503 cas
786 457 941 520 legeS,
972 456 1118 503 facile
1149 457 1395 504 recordari
1428 459 1584 519 possis
1614 455 1759 502 huius

274 553 419 583 meae
461 538 912 584 commendationis
948 537 1279 601 diligentiam.
1371 537 1481 585 Hoc
1521 543 1576 585 te
1612 535 1761 584 vehe-

274 625 475 665 menter
498 621 654 665 etiam
678 625 834 682 atque
860 622 1014 666 etiam
1038 635 1175 682 rogo.

937 894 1104 940 XLIV

807 1039 981 1069 CICERO
1017 1039 1164 1070 GALLO
1199 1039 1238 1071 S·

763 1150 947 1197 Romae,
970 1165 1101 1191 A.u.c.
1125 1154 1206 1192 696
1222 1150 1292 1203 (ἲ).

343 1267 453 1315 Etsi
496 1284 558 1315 ex
602 1270 701 1315 tuis
745 1274 797 1314 et
840 1284 903 1314 ex
949 1267 1004 1313 L.
1050 1266 1611 1329 Oppi,‘familiarissimi
1653 1267 1770 1319 mei,

282 1347 464 1396 litteris
496 1352 724 1412 cognovi,
755 1356 807 1395 te
840 1365 1115 1394 memorem
1148 1347 1597 1394 commendationis
1625 1361 1770 1392 meae

280 1427 451 1485 fuisse,
481 1430 653 1492 idque,
687 1446 774 1492 pro
805 1436 895 1475 tua
925 1446 1121 1475 summa
1154 1445 1274 1491 erga
1305 1444 1386 1474 me
1418 1427 1773 1474 benevolentia

281 1526 473 1573 proque
495 1517 666 1556 nostra
697 1510 1086 1564 necessitudine,
1110 1512 1315 1554 minime,
1345 1525 1455 1554 sum
1481 1508 1774 1562 admiratus,

283 1597 458 1637 tamen
481 1594 634 1637 etiam
659 1597 814 1653 atque
837 1594 991 1636 etiam
1014 1591 1106 1636 tibi
1130 1589 1185 1635 L.
1210 1590 1431 1651 Oppium
1453 1594 1772 1650 praesentem

286 1678 340 1717 et
383 1670 440 1717 L.
485 1671 691 1733 Egnati,
734 1674 834 1716 mei
876 1669 1263 1725 familiai-issimi,
1306 1670 1528 1716 absentis
1571 1671 1776 1732 negotia

285 1752 600 1798 commendo.
682 1751 848 1797 Tanta
895 1750 1014 1796 mihi
1063 1767 1176 1796 cum
1226 1767 1286 1797 eo
1334 1749 1652 1796 necessitudo
1698 1755 1776 1794 est

285 1830 717 1894 familiaritasque,
767 1839 840 1887 ut,
889 1835 928 1878 si
977 1848 1091 1877 mea
1139 1848 1218 1877 res
1268 1838 1419 1885 esset,
1469 1847 1568 1876 non
1616 1832 1775 1893 magis

285 1912 581 1960 laborarem.
644 1912 967 1974 Quapropter
994 1915 1334 1975 gratissimum
1364 1910 1484 1956 mihi
1514 1909 1708 1965 feceris,
1736 1913 1775 1956 si

285 1997 488 2049 curaris,
534 1999 591 2040 ut
636 1996 675 2039 is
721 1993 1005 2055 intellegat,
1052 2009 1133 2039 me
1180 2009 1210 2038 a
1254 1999 1307 2038 te
1354 1998 1556 2038 tantum
1603 1994 1776 2045 amari,

287 2081 535 2136 quantum
577 2077 685 2136 ipse
731 2077 979 2120 existimo.
1059 2073 1168 2120 Hoc
1211 2071 1331 2118 mihi
1374 2075 1566 2135 gratius
1610 2069 1775 2117 facere

289 2154 410 2201 nihil
434 2162 595 2217 potes.
657 2154 817 2217 quue
843 2161 900 2201 ut
923 2153 1093 2209 facias,
1118 2152 1448 2200 vehementer
1471 2159 1524 2199 te
1548 2169 1683 2215 rogo.

873 2277 892 2297 ⁰
922 2271 990 2313 Sc.
1012 2271 1202 2324 Oppius.

300 2583 393 2631 116
