<?xml version="1.0" encoding="UTF-8"?>
<!DOCTYPE html PUBLIC "-//W3C//DTD XHTML 1.0 Transitional//EN"
    "http://www.w3.org/TR/xhtml1/DTD/xhtml1-transitional.dtd">
<html xmlns="http://www.w3.org/1999/xhtml" xml:lang="en" lang="en">
 <head>
  <title>
</title>
<meta http-equiv="Content-Type" content="text/html;charset=utf-8" />
  <meta name='ocr-system' content='tesseract 3.04.00' />
  <meta name='ocr-capabilities' content='ocr_page ocr_carea ocr_par ocr_line ocrx_word'/>
</head>
<body>
  <div class='ocr_page' id='page_1' title='image "./letterstohisfrie03ciceuoft_0452.png"; bbox 0 0 1837 3029; ppageno 0'>
   <div class='ocr_carea' id='block_1_1' title="bbox 875 199 1125 245">
    <p class='ocr_par' dir='ltr' id='par_1_1' title="bbox 875 199 1125 245">
     <span class='ocr_line' id='line_1_1' title="bbox 875 199 1125 245; baseline 0 0"><span class='ocrx_word' id='word_1_1' title='bbox 875 199 1125 245; x_wconf 76' lang='lat' dir='ltr'>CICERO</span> 
     </span>
    </p>
   </div>
   <div class='ocr_carea' id='block_1_2' title="bbox 257 327 1753 1932">
    <p class='ocr_par' dir='ltr' id='par_1_2' title="bbox 257 327 1753 1932">
     <span class='ocr_line' id='line_1_2' title="bbox 257 327 1741 393; baseline -0.001 -17"><span class='ocrx_word' id='word_1_2' title='bbox 257 328 464 385; x_wconf 74' lang='lat' dir='ltr'><strong>felicior,</strong></span> <span class='ocrx_word' id='word_1_3' title='bbox 494 348 644 393; x_wconf 85' lang='lat' dir='ltr'><strong>quam</strong></span> <span class='ocrx_word' id='word_1_4' title='bbox 679 347 766 376; x_wconf 89' lang='lat' dir='ltr'><strong>nos</strong></span> <span class='ocrx_word' id='word_1_5' title='bbox 799 332 848 375; x_wconf 89' lang='lat' dir='ltr'><strong>in</strong></span> <span class='ocrx_word' id='word_1_6' title='bbox 881 328 1196 383; x_wconf 86' lang='lat' dir='ltr'><strong>deducendo,</strong></span> <span class='ocrx_word' id='word_1_7' title='bbox 1228 328 1430 390; x_wconf 76' lang='lat' dir='ltr'><strong>perfice,</strong></span> <span class='ocrx_word' id='word_1_8' title='bbox 1462 334 1520 375; x_wconf 91' lang='lat' dir='ltr'><strong>ut</strong></span> <span class='ocrx_word' id='word_1_9' title='bbox 1550 327 1741 375; x_wconf 87' lang='lat' dir='ltr'><strong>laetitia</strong></span> 
     </span>
     <span class='ocr_line' id='line_1_3' title="bbox 259 417 1742 483; baseline 0.001 -20"><span class='ocrx_word' id='word_1_10' title='bbox 259 423 541 483; x_wconf 68' lang='lat' dir='ltr'><strong>provinciae</strong></span> <span class='ocrx_word' id='word_1_11' title='bbox 575 420 878 467; x_wconf 81' lang='lat' dir='ltr'><strong>desiderium</strong></span> <span class='ocrx_word' id='word_1_12' title='bbox 911 425 1136 465; x_wconf 87' lang='lat' dir='ltr'><strong>nostrum</strong></span> <span class='ocrx_word' id='word_1_13' title='bbox 1170 417 1401 465; x_wconf 86' lang='lat' dir='ltr'><strong>leniatur.</strong></span> <span class='ocrx_word' id='word_1_14' title='bbox 1469 418 1673 465; x_wconf 84' lang='lat' dir='ltr'><strong>Etenim</strong></span> <span class='ocrx_word' id='word_1_15' title='bbox 1703 421 1742 464; x_wconf 90' lang='lat' dir='ltr'><strong>si</strong></span> 
     </span>
     <span class='ocr_line' id='line_1_4' title="bbox 260 507 1745 573; baseline -0.001 -15"><span class='ocrx_word' id='word_1_16' title='bbox 260 515 309 558; x_wconf 92' lang='lat' dir='ltr'><strong>in</strong></span> <span class='ocrx_word' id='word_1_17' title='bbox 355 511 704 573; x_wconf 87' lang='lat' dir='ltr'><strong>promerendo,</strong></span> <span class='ocrx_word' id='word_1_18' title='bbox 751 516 808 556; x_wconf 91' lang='lat' dir='ltr'><strong>ut</strong></span> <span class='ocrx_word' id='word_1_19' title='bbox 852 509 944 555; x_wconf 90' lang='lat' dir='ltr'><strong>tibi</strong></span> <span class='ocrx_word' id='word_1_20' title='bbox 989 511 1120 555; x_wconf 88' lang='lat' dir='ltr'><strong>tanti</strong></span> <span class='ocrx_word' id='word_1_21' title='bbox 1164 507 1378 555; x_wconf 91' lang='lat' dir='ltr'><strong>honores</strong></span> <span class='ocrx_word' id='word_1_22' title='bbox 1421 507 1745 564; x_wconf 81' lang='lat' dir='ltr'><strong>haberentur,</strong></span> 
     </span>
     <span class='ocr_line' id='line_1_5' title="bbox 261 598 1746 665; baseline -0.001 -16"><span class='ocrx_word' id='word_1_23' title='bbox 261 605 435 665; x_wconf 87' lang='lat' dir='ltr'><strong>quanti</strong></span> <span class='ocrx_word' id='word_1_24' title='bbox 462 600 597 647; x_wconf 86' lang='lat' dir='ltr'><strong>haud</strong></span> <span class='ocrx_word' id='word_1_25' title='bbox 620 603 720 646; x_wconf 92' lang='lat' dir='ltr'><strong>scio</strong></span> <span class='ocrx_word' id='word_1_26' title='bbox 745 616 808 646; x_wconf 85' lang='lat' dir='ltr'><strong>an</strong></span> <span class='ocrx_word' id='word_1_27' title='bbox 833 602 1040 654; x_wconf 88' lang='lat' dir='ltr'><strong>nemini,</strong></span> <span class='ocrx_word' id='word_1_28' title='bbox 1062 598 1201 645; x_wconf 88' lang='lat' dir='ltr'><strong>fuisti</strong></span> <span class='ocrx_word' id='word_1_29' title='bbox 1224 603 1447 646; x_wconf 89' lang='lat' dir='ltr'><strong>omnium</strong></span> <span class='ocrx_word' id='word_1_30' title='bbox 1470 599 1746 664; x_wconf 88' lang='lat' dir='ltr'><strong>diligentis-</strong></span> 
     </span>
     <span class='ocr_line' id='line_1_6' title="bbox 260 689 1749 747; baseline -0.001 -7"><span class='ocrx_word' id='word_1_31' title='bbox 260 698 430 747; x_wconf 83' lang='lat' dir='ltr'><strong>simus,</strong></span> <span class='ocrx_word' id='word_1_32' title='bbox 465 691 624 738; x_wconf 85' lang='lat' dir='ltr'><strong>multo</strong></span> <span class='ocrx_word' id='word_1_33' title='bbox 658 693 897 737; x_wconf 88' lang='lat' dir='ltr'><strong>maiorem</strong></span> <span class='ocrx_word' id='word_1_34' title='bbox 932 693 982 736; x_wconf 87' lang='lat' dir='ltr'><strong>in</strong></span> <span class='ocrx_word' id='word_1_35' title='bbox 1016 689 1091 736; x_wconf 88' lang='lat' dir='ltr'><strong>his</strong></span> <span class='ocrx_word' id='word_1_36' title='bbox 1125 689 1394 737; x_wconf 88' lang='lat' dir='ltr'><strong>honoribus</strong></span> <span class='ocrx_word' id='word_1_37' title='bbox 1428 692 1631 738; x_wconf 89' lang='lat' dir='ltr'><strong>tuendis</strong></span> <span class='ocrx_word' id='word_1_38' title='bbox 1664 691 1749 738; x_wconf 82' lang='lat' dir='ltr'><strong>ad-</strong></span> 
     </span>
     <span class='ocr_line' id='line_1_7' title="bbox 261 780 1749 846; baseline -0.001 -16"><span class='ocrx_word' id='word_1_39' title='bbox 261 785 434 830; x_wconf 81' lang='lat' dir='ltr'><strong>hibere</strong></span> <span class='ocrx_word' id='word_1_40' title='bbox 457 782 773 845; x_wconf 79' lang='lat' dir='ltr'><strong>diligentiam</strong></span> <span class='ocrx_word' id='word_1_41' title='bbox 797 781 968 828; x_wconf 85' lang='lat' dir='ltr'><strong>debes.</strong></span> <span class='ocrx_word' id='word_1_42' title='bbox 1038 780 1104 827; x_wconf 87' lang='lat' dir='ltr'><strong>Et</strong></span> <span class='ocrx_word' id='word_1_43' title='bbox 1128 781 1331 843; x_wconf 89' lang='lat' dir='ltr'><strong>quidem</strong></span> <span class='ocrx_word' id='word_1_44' title='bbox 1357 782 1420 828; x_wconf 85' lang='lat' dir='ltr'><strong>de</strong></span> <span class='ocrx_word' id='word_1_45' title='bbox 1444 785 1540 828; x_wconf 81' lang='lat' dir='ltr'><strong>isto</strong></span> <span class='ocrx_word' id='word_1_46' title='bbox 1561 798 1749 846; x_wconf 85' lang='lat' dir='ltr'><strong>genere</strong></span> 
     </span>
     <span class='ocr_line' id='line_1_8' title="bbox 260 872 1749 937; baseline -0.002 -15"><span class='ocrx_word' id='word_1_47' title='bbox 260 876 503 923; x_wconf 88' lang='lat' dir='ltr'><strong>honorum</strong></span> <span class='ocrx_word' id='word_1_48' title='bbox 533 874 654 937; x_wconf 90' lang='lat' dir='ltr'><strong>quid</strong></span> <span class='ocrx_word' id='word_1_49' title='bbox 681 875 940 927; x_wconf 82' lang='lat' dir='ltr'><strong>sentirem,</strong></span> <span class='ocrx_word' id='word_1_50' title='bbox 966 875 1137 935; x_wconf 87' lang='lat' dir='ltr'><strong>scripsi</strong></span> <span class='ocrx_word' id='word_1_51' title='bbox 1165 873 1229 919; x_wconf 87' lang='lat' dir='ltr'><strong>ad</strong></span> <span class='ocrx_word' id='word_1_52' title='bbox 1255 879 1309 919; x_wconf 89' lang='lat' dir='ltr'><strong>te</strong></span> <span class='ocrx_word' id='word_1_53' title='bbox 1337 880 1472 920; x_wconf 85' lang='lat' dir='ltr'><strong>ante.</strong></span> <span class='ocrx_word' id='word_1_54' title='bbox 1539 872 1749 936; x_wconf 85' lang='lat' dir='ltr'><strong>Semper</strong></span> 
     </span>
     <span class='ocr_line' id='line_1_9' title="bbox 262 963 1749 1028; baseline -0.002 -14"><span class='ocrx_word' id='word_1_55' title='bbox 262 984 346 1014; x_wconf 88' lang='lat' dir='ltr'><strong>eos</strong></span> <span class='ocrx_word' id='word_1_56' title='bbox 371 968 562 1028; x_wconf 77' lang='lat' dir='ltr'><strong>putavi,</strong></span> <span class='ocrx_word' id='word_1_57' title='bbox 585 966 624 1010; x_wconf 93' lang='lat' dir='ltr'><strong>si</strong></span> <span class='ocrx_word' id='word_1_58' title='bbox 649 963 878 1027; x_wconf 77' lang='lat' dir='ltr'><strong>vulgares</strong></span> <span class='ocrx_word' id='word_1_59' title='bbox 902 970 1089 1019; x_wconf 88' lang='lat' dir='ltr'><strong>csscnt,</strong></span> <span class='ocrx_word' id='word_1_60' title='bbox 1114 963 1251 1020; x_wconf 77' lang='lat' dir='ltr'><strong>viles,</strong></span> <span class='ocrx_word' id='word_1_61' title='bbox 1274 967 1312 1010; x_wconf 90' lang='lat' dir='ltr'><strong>si</strong></span> <span class='ocrx_word' id='word_1_62' title='bbox 1338 968 1578 1028; x_wconf 87' lang='lat' dir='ltr'><strong>temporis</strong></span> <span class='ocrx_word' id='word_1_63' title='bbox 1600 981 1749 1011; x_wconf 85' lang='lat' dir='ltr'><strong>causa</strong></span> 
     </span>
     <span class='ocr_line' id='line_1_10' title="bbox 261 1054 1748 1119; baseline -0.003 -13"><span class='ocrx_word' id='word_1_64' title='bbox 261 1061 709 1111; x_wconf 70' lang='lat' dir='ltr'><strong>constituerentur,</strong></span> <span class='ocrx_word' id='word_1_65' title='bbox 733 1054 903 1110; x_wconf 88' lang='lat' dir='ltr'><strong>leves;</strong></span> <span class='ocrx_word' id='word_1_66' title='bbox 955 1057 994 1101; x_wconf 90' lang='lat' dir='ltr'><strong>si</strong></span> <span class='ocrx_word' id='word_1_67' title='bbox 1030 1071 1146 1102; x_wconf 90' lang='lat' dir='ltr'><strong>vero</strong></span> <span class='ocrx_word' id='word_1_68' title='bbox 1180 1056 1252 1118; x_wconf 83' lang='lat' dir='ltr'><strong>(id</strong></span> <span class='ocrx_word' id='word_1_69' title='bbox 1286 1057 1422 1119; x_wconf 90' lang='lat' dir='ltr'><strong>quod</strong></span> <span class='ocrx_word' id='word_1_70' title='bbox 1454 1059 1526 1103; x_wconf 87' lang='lat' dir='ltr'><strong>ita</strong></span> <span class='ocrx_word' id='word_1_71' title='bbox 1558 1054 1748 1102; x_wconf 87' lang='lat' dir='ltr'><strong>factum</strong></span> 
     </span>
     <span class='ocr_line' id='line_1_11' title="bbox 263 1147 1748 1207; baseline -0.003 -9"><span class='ocrx_word' id='word_1_72' title='bbox 263 1150 361 1207; x_wconf 79' lang='lat' dir='ltr'><strong>est)</strong></span> <span class='ocrx_word' id='word_1_73' title='bbox 396 1150 588 1195; x_wconf 84' lang='lat' dir='ltr'><strong>meritis</strong></span> <span class='ocrx_word' id='word_1_74' title='bbox 622 1149 721 1192; x_wconf 89' lang='lat' dir='ltr'><strong>tuis</strong></span> <span class='ocrx_word' id='word_1_75' title='bbox 754 1147 1117 1202; x_wconf 71' lang='lat' dir='ltr'><strong>tribuerentur,</strong></span> <span class='ocrx_word' id='word_1_76' title='bbox 1151 1147 1504 1193; x_wconf 80' lang='lat' dir='ltr'><strong>existimabam</strong></span> <span class='ocrx_word' id='word_1_77' title='bbox 1537 1147 1748 1194; x_wconf 88' lang='lat' dir='ltr'><strong>multam</strong></span> 
     </span>
     <span class='ocr_line' id='line_1_12' title="bbox 263 1237 1749 1300; baseline -0.001 -12"><span class='ocrx_word' id='word_1_78' title='bbox 263 1243 355 1289; x_wconf 91' lang='lat' dir='ltr'><strong>tibi</strong></span> <span class='ocrx_word' id='word_1_79' title='bbox 390 1243 441 1286; x_wconf 90' lang='lat' dir='ltr'><strong>in</strong></span> <span class='ocrx_word' id='word_1_80' title='bbox 478 1238 551 1285; x_wconf 88' lang='lat' dir='ltr'><strong>his</strong></span> <span class='ocrx_word' id='word_1_81' title='bbox 587 1237 790 1284; x_wconf 89' lang='lat' dir='ltr'><strong>tuendis</strong></span> <span class='ocrx_word' id='word_1_82' title='bbox 825 1254 1030 1300; x_wconf 90' lang='lat' dir='ltr'><strong>operam</strong></span> <span class='ocrx_word' id='word_1_83' title='bbox 1067 1254 1175 1284; x_wconf 89' lang='lat' dir='ltr'><strong>esse</strong></span> <span class='ocrx_word' id='word_1_84' title='bbox 1210 1238 1513 1300; x_wconf 88' lang='lat' dir='ltr'><strong>ponendam.</strong></span> <span class='ocrx_word' id='word_1_85' title='bbox 1581 1238 1749 1298; x_wconf 84' lang='lat' dir='ltr'><strong>Quare</strong></span> 
     </span>
     <span class='ocr_line' id='line_1_13' title="bbox 263 1329 1751 1397; baseline -0.001 -17"><span class='ocrx_word' id='word_1_86' title='bbox 263 1335 501 1397; x_wconf 85' lang='lat' dir='ltr'><strong>quoniam</strong></span> <span class='ocrx_word' id='word_1_87' title='bbox 545 1333 596 1376; x_wconf 90' lang='lat' dir='ltr'><strong>in</strong></span> <span class='ocrx_word' id='word_1_88' title='bbox 642 1331 748 1375; x_wconf 84' lang='lat' dir='ltr'><strong>istis</strong></span> <span class='ocrx_word' id='word_1_89' title='bbox 794 1329 1000 1374; x_wconf 84' lang='lat' dir='ltr'><strong>urbibus</strong></span> <span class='ocrx_word' id='word_1_90' title='bbox 1045 1345 1159 1374; x_wconf 89' lang='lat' dir='ltr'><strong>cum</strong></span> <span class='ocrx_word' id='word_1_91' title='bbox 1203 1345 1400 1375; x_wconf 87' lang='lat' dir='ltr'><strong>summo</strong></span> <span class='ocrx_word' id='word_1_92' title='bbox 1443 1332 1654 1391; x_wconf 89' lang='lat' dir='ltr'><strong>imperio</strong></span> <span class='ocrx_word' id='word_1_93' title='bbox 1697 1338 1751 1378; x_wconf 91' lang='lat' dir='ltr'><strong>et</strong></span> 
     </span>
     <span class='ocr_line' id='line_1_14' title="bbox 264 1419 1750 1487; baseline -0.001 -17"><span class='ocrx_word' id='word_1_94' title='bbox 264 1428 521 1487; x_wconf 78' lang='lat' dir='ltr'><strong>potestate</strong></span> <span class='ocrx_word' id='word_1_95' title='bbox 544 1422 771 1474; x_wconf 78' lang='lat' dir='ltr'><strong>versaris,</strong></span> <span class='ocrx_word' id='word_1_96' title='bbox 793 1422 842 1464; x_wconf 88' lang='lat' dir='ltr'><strong>in</strong></span> <span class='ocrx_word' id='word_1_97' title='bbox 865 1419 1046 1481; x_wconf 88' lang='lat' dir='ltr'><strong>quibus</strong></span> <span class='ocrx_word' id='word_1_98' title='bbox 1067 1426 1181 1464; x_wconf 87' lang='lat' dir='ltr'><strong>tuas</strong></span> <span class='ocrx_word' id='word_1_99' title='bbox 1204 1422 1416 1465; x_wconf 79' lang='lat' dir='ltr'><strong>virtutes</strong></span> <span class='ocrx_word' id='word_1_100' title='bbox 1437 1428 1750 1468; x_wconf 86' lang='lat' dir='ltr'><strong>consecratas</strong></span> 
     </span>
     <span class='ocr_line' id='line_1_15' title="bbox 263 1508 1751 1566; baseline -0.002 -4"><span class='ocrx_word' id='word_1_101' title='bbox 263 1523 317 1563; x_wconf 90' lang='lat' dir='ltr'><strong>et</strong></span> <span class='ocrx_word' id='word_1_102' title='bbox 354 1517 404 1560; x_wconf 89' lang='lat' dir='ltr'><strong>in</strong></span> <span class='ocrx_word' id='word_1_103' title='bbox 442 1513 651 1560; x_wconf 90' lang='lat' dir='ltr'><strong>deorum</strong></span> <span class='ocrx_word' id='word_1_104' title='bbox 690 1526 899 1557; x_wconf 87' lang='lat' dir='ltr'><strong>nurnero</strong></span> <span class='ocrx_word' id='word_1_105' title='bbox 936 1508 1203 1556; x_wconf 89' lang='lat' dir='ltr'><strong>collocatas</strong></span> <span class='ocrx_word' id='word_1_106' title='bbox 1242 1510 1397 1566; x_wconf 90' lang='lat' dir='ltr'><strong>vides,</strong></span> <span class='ocrx_word' id='word_1_107' title='bbox 1434 1512 1484 1556; x_wconf 91' lang='lat' dir='ltr'><strong>in</strong></span> <span class='ocrx_word' id='word_1_108' title='bbox 1522 1513 1751 1560; x_wconf 89' lang='lat' dir='ltr'><strong>omnibus</strong></span> 
     </span>
     <span class='ocr_line' id='line_1_16' title="bbox 262 1600 1752 1666; baseline -0.002 -13"><span class='ocrx_word' id='word_1_109' title='bbox 262 1606 430 1660; x_wconf 91' lang='lat' dir='ltr'><strong>rebus,</strong></span> <span class='ocrx_word' id='word_1_110' title='bbox 461 1619 585 1666; x_wconf 91' lang='lat' dir='ltr'><strong>quas</strong></span> <span class='ocrx_word' id='word_1_111' title='bbox 616 1608 831 1657; x_wconf 84' lang='lat' dir='ltr'><strong>statues,</strong></span> <span class='ocrx_word' id='word_1_112' title='bbox 861 1617 985 1663; x_wconf 89' lang='lat' dir='ltr'><strong>quas</strong></span> <span class='ocrx_word' id='word_1_113' title='bbox 1017 1600 1277 1656; x_wconf 89' lang='lat' dir='ltr'><strong>decernes,</strong></span> <span class='ocrx_word' id='word_1_114' title='bbox 1307 1617 1431 1663; x_wconf 89' lang='lat' dir='ltr'><strong>quas</strong></span> <span class='ocrx_word' id='word_1_115' title='bbox 1463 1618 1601 1666; x_wconf 88' lang='lat' dir='ltr'><strong>ages,</strong></span> <span class='ocrx_word' id='word_1_116' title='bbox 1631 1604 1752 1666; x_wconf 91' lang='lat' dir='ltr'><strong>quid</strong></span> 
     </span>
     <span class='ocr_line' id='line_1_17' title="bbox 262 1691 1752 1755; baseline -0.002 -11"><span class='ocrx_word' id='word_1_117' title='bbox 262 1699 419 1745; x_wconf 88' lang='lat' dir='ltr'><strong>tantis</strong></span> <span class='ocrx_word' id='word_1_118' title='bbox 462 1694 721 1740; x_wconf 86' lang='lat' dir='ltr'><strong>hominum</strong></span> <span class='ocrx_word' id='word_1_119' title='bbox 764 1692 1099 1755; x_wconf 83' lang='lat' dir='ltr'><strong>opinionibuS,</strong></span> <span class='ocrx_word' id='word_1_120' title='bbox 1141 1693 1298 1738; x_wconf 84' lang='lat' dir='ltr'><strong>tantis</strong></span> <span class='ocrx_word' id='word_1_121' title='bbox 1340 1691 1405 1738; x_wconf 88' lang='lat' dir='ltr'><strong>de</strong></span> <span class='ocrx_word' id='word_1_122' title='bbox 1447 1698 1501 1739; x_wconf 87' lang='lat' dir='ltr'><strong>te</strong></span> <span class='ocrx_word' id='word_1_123' title='bbox 1542 1694 1752 1751; x_wconf 90' lang='lat' dir='ltr'><strong>iudiciis,</strong></span> 
     </span>
     <span class='ocr_line' id='line_1_18' title="bbox 263 1781 1753 1846; baseline -0.001 -12"><span class='ocrx_word' id='word_1_124' title='bbox 263 1790 420 1835; x_wconf 87' lang='lat' dir='ltr'><strong>tantis</strong></span> <span class='ocrx_word' id='word_1_125' title='bbox 460 1785 730 1831; x_wconf 87' lang='lat' dir='ltr'><strong>honoribus</strong></span> <span class='ocrx_word' id='word_1_126' title='bbox 769 1783 976 1838; x_wconf 89' lang='lat' dir='ltr'><strong>debeas,</strong></span> <span class='ocrx_word' id='word_1_127' title='bbox 1014 1783 1276 1846; x_wconf 82' lang='lat' dir='ltr'><strong>cogitabis.</strong></span> <span class='ocrx_word' id='word_1_128' title='bbox 1344 1781 1405 1829; x_wconf 94' lang='lat' dir='ltr'><strong>Id</strong></span> <span class='ocrx_word' id='word_1_129' title='bbox 1445 1790 1618 1830; x_wconf 87' lang='lat' dir='ltr'><strong>autem</strong></span> <span class='ocrx_word' id='word_1_130' title='bbox 1656 1789 1753 1833; x_wconf 90' lang='lat' dir='ltr'><strong>erit</strong></span> 
     </span>
     <span class='ocr_line' id='line_1_19' title="bbox 264 1872 1752 1932; baseline -0.002 -7"><span class='ocrx_word' id='word_1_131' title='bbox 264 1876 527 1932; x_wconf 89' lang='lat' dir='ltr'><strong>eiusmodi,</strong></span> <span class='ocrx_word' id='word_1_132' title='bbox 563 1881 621 1921; x_wconf 83' lang='lat' dir='ltr'><strong>ut</strong></span> <span class='ocrx_word' id='word_1_133' title='bbox 654 1872 883 1921; x_wconf 89' lang='lat' dir='ltr'><strong>consulas</strong></span> <span class='ocrx_word' id='word_1_134' title='bbox 918 1874 1168 1928; x_wconf 86' lang='lat' dir='ltr'><strong>omnibus,</strong></span> <span class='ocrx_word' id='word_1_135' title='bbox 1203 1879 1261 1920; x_wconf 91' lang='lat' dir='ltr'><strong>ut</strong></span> <span class='ocrx_word' id='word_1_136' title='bbox 1295 1874 1533 1920; x_wconf 88' lang='lat' dir='ltr'><strong>medeare</strong></span> <span class='ocrx_word' id='word_1_137' title='bbox 1567 1878 1752 1924; x_wconf 89' lang='lat' dir='ltr'><strong>incom-</strong></span> 
     </span>
    </p>
   </div>
   <div class='ocr_carea' id='block_1_3' title="bbox 263 1963 1750 2028">
    <p class='ocr_par' dir='ltr' id='par_1_3' title="bbox 263 1963 1750 2028">
     <span class='ocr_line' id='line_1_20' title="bbox 263 1963 1750 2028; baseline -0.001 -13"><span class='ocrx_word' id='word_1_138' title='bbox 263 1971 424 2017; x_wconf 89' lang='lat' dir='ltr'><strong>modis</strong></span> <span class='ocrx_word' id='word_1_139' title='bbox 463 1966 742 2020; x_wconf 87' lang='lat' dir='ltr'><strong>hominum,</strong></span> <span class='ocrx_word' id='word_1_140' title='bbox 781 1964 1045 2026; x_wconf 74' lang='lat' dir='ltr'><strong>provideas</strong></span> <span class='ocrx_word' id='word_1_141' title='bbox 1085 1963 1254 2018; x_wconf 87' lang='lat' dir='ltr'><strong>saluti,</strong></span> <span class='ocrx_word' id='word_1_142' title='bbox 1294 1971 1352 2010; x_wconf 86' lang='lat' dir='ltr'><strong>ut</strong></span> <span class='ocrx_word' id='word_1_143' title='bbox 1392 1971 1446 2011; x_wconf 88' lang='lat' dir='ltr'><strong>te</strong></span> <span class='ocrx_word' id='word_1_144' title='bbox 1486 1974 1750 2028; x_wconf 88' lang='lat' dir='ltr'><strong>parentem</strong></span> 
     </span>
    </p>
   </div>
   <div class='ocr_carea' id='block_1_4' title="bbox 217 2055 1751 2118">
    <p class='ocr_par' dir='ltr' id='par_1_4' title="bbox 217 2055 1751 2118">
     <span class='ocr_line' id='line_1_21' title="bbox 217 2055 1751 2118; baseline -0.001 -11"><span class='ocrx_word' id='word_1_145' title='bbox 217 2079 230 2106; x_wconf 91' lang='grc'><strong>·.</strong></span> <span class='ocrx_word' id='word_1_146' title='bbox 266 2063 415 2107; x_wconf 63' lang='lat' dir='ltr'><strong>Asiae</strong></span> <span class='ocrx_word' id='word_1_147' title='bbox 448 2066 501 2104; x_wconf 87' lang='lat' dir='ltr'><strong>et</strong></span> <span class='ocrx_word' id='word_1_148' title='bbox 537 2058 633 2104; x_wconf 88' lang='lat' dir='ltr'><strong>dici</strong></span> <span class='ocrx_word' id='word_1_149' title='bbox 665 2063 718 2103; x_wconf 89' lang='lat' dir='ltr'><strong>et</strong></span> <span class='ocrx_word' id='word_1_150' title='bbox 753 2055 928 2102; x_wconf 88' lang='lat' dir='ltr'><strong>haberi</strong></span> <span class='ocrx_word' id='word_1_151' title='bbox 959 2055 1095 2102; x_wconf 79' lang='lat' dir='ltr'><strong>velis.</strong></span> <span class='ocrx_word' id='word_1_152' title='bbox 1164 2055 1254 2101; x_wconf 91' lang='lat' dir='ltr'><strong>XI.</strong></span> <span class='ocrx_word' id='word_1_153' title='bbox 1292 2056 1452 2118; x_wconf 84' lang='lat' dir='ltr'><strong>Atqui</strong></span> <span class='ocrx_word' id='word_1_154' title='bbox 1483 2055 1597 2104; x_wconf 91' lang='lat' dir='ltr'><strong>huic</strong></span> <span class='ocrx_word' id='word_1_155' title='bbox 1633 2065 1751 2105; x_wconf 87' lang='lat' dir='ltr'><strong>tuae</strong></span> 
     </span>
    </p>
   </div>
   <div class='ocr_carea' id='block_1_5' title="bbox 264 2145 1752 2480">
    <p class='ocr_par' dir='ltr' id='par_1_5' title="bbox 264 2145 1752 2480">
     <span class='ocr_line' id='line_1_22' title="bbox 264 2145 1752 2210; baseline -0.001 -12"><span class='ocrx_word' id='word_1_156' title='bbox 264 2151 511 2198; x_wconf 86' lang='lat' dir='ltr'><strong>voluntati</strong></span> <span class='ocrx_word' id='word_1_157' title='bbox 531 2166 587 2193; x_wconf 86' lang='lat' dir='ltr'><strong>ac</strong></span> <span class='ocrx_word' id='word_1_158' title='bbox 605 2147 898 2210; x_wconf 85' lang='lat' dir='ltr'><strong>diligentiae</strong></span> <span class='ocrx_word' id='word_1_159' title='bbox 916 2145 1263 2193; x_wconf 85' lang='lat' dir='ltr'><strong>difficultatem</strong></span> <span class='ocrx_word' id='word_1_160' title='bbox 1282 2163 1518 2210; x_wconf 84' lang='lat' dir='ltr'><strong>magnam</strong></span> <span class='ocrx_word' id='word_1_161' title='bbox 1537 2147 1752 2196; x_wconf 82' lang='lat' dir='ltr'><strong>afferunt</strong></span> 
     </span>
     <span class='ocr_line' id='line_1_23' title="bbox 265 2237 1751 2303; baseline -0.002 -16"><span class='ocrx_word' id='word_1_162' title='bbox 265 2240 515 2303; x_wconf 85' lang='lat' dir='ltr'><strong>publicani</strong></span> <span class='ocrx_word' id='word_1_163' title='bbox 536 2254 546 2295; x_wconf 92' lang='lat'>;</span> <span class='ocrx_word' id='word_1_164' title='bbox 566 2239 748 2302; x_wconf 90' lang='lat' dir='ltr'><strong>quibus</strong></span> <span class='ocrx_word' id='word_1_165' title='bbox 767 2241 806 2283; x_wconf 85' lang='lat' dir='ltr'><strong>si</strong></span> <span class='ocrx_word' id='word_1_166' title='bbox 826 2237 1166 2291; x_wconf 86' lang='lat' dir='ltr'><strong>adversamur,</strong></span> <span class='ocrx_word' id='word_1_167' title='bbox 1185 2237 1412 2284; x_wconf 88' lang='lat' dir='ltr'><strong>ordinem</strong></span> <span class='ocrx_word' id='word_1_168' title='bbox 1429 2237 1492 2284; x_wconf 88' lang='lat' dir='ltr'><strong>de.</strong></span> <span class='ocrx_word' id='word_1_169' title='bbox 1509 2237 1650 2284; x_wconf 90' lang='lat' dir='ltr'><strong>nobis</strong></span> <span class='ocrx_word' id='word_1_170' title='bbox 1667 2255 1751 2301; x_wconf 88' lang='lat' dir='ltr'><strong>op-</strong></span> 
     </span>
     <span class='ocr_line' id='line_1_24' title="bbox 266 2326 1750 2391; baseline -0.001 -13"><span class='ocrx_word' id='word_1_171' title='bbox 266 2337 388 2379; x_wconf 87' lang='lat' dir='ltr'><strong>time</strong></span> <span class='ocrx_word' id='word_1_172' title='bbox 422 2334 657 2376; x_wconf 88' lang='lat' dir='ltr'><strong>meritum</strong></span> <span class='ocrx_word' id='word_1_173' title='bbox 691 2336 742 2375; x_wconf 85' lang='lat' dir='ltr'><strong>et</strong></span> <span class='ocrx_word' id='word_1_174' title='bbox 772 2345 862 2391; x_wconf 92' lang='lat' dir='ltr'><strong>per</strong></span> <span class='ocrx_word' id='word_1_175' title='bbox 891 2345 980 2375; x_wconf 91' lang='lat' dir='ltr'><strong>nos</strong></span> <span class='ocrx_word' id='word_1_176' title='bbox 1009 2344 1120 2374; x_wconf 90' lang='lat' dir='ltr'><strong>cum</strong></span> <span class='ocrx_word' id='word_1_177' title='bbox 1148 2326 1406 2389; x_wconf 85' lang='lat' dir='ltr'><strong>republica</strong></span> <span class='ocrx_word' id='word_1_178' title='bbox 1429 2330 1750 2376; x_wconf 89' lang='lat' dir='ltr'><strong>coniunctum</strong></span> 
     </span>
     <span class='ocr_line' id='line_1_25' title="bbox 265 2417 1749 2480; baseline -0.002 -11"><span class='ocrx_word' id='word_1_179' title='bbox 265 2429 319 2469; x_wconf 87' lang='lat' dir='ltr'><strong>et</strong></span> <span class='ocrx_word' id='word_1_180' title='bbox 359 2437 389 2467; x_wconf 90' lang='lat' dir='ltr'><strong>a</strong></span> <span class='ocrx_word' id='word_1_181' title='bbox 424 2421 565 2466; x_wconf 88' lang='lat' dir='ltr'><strong>nobis</strong></span> <span class='ocrx_word' id='word_1_182' title='bbox 601 2426 656 2466; x_wconf 92' lang='lat' dir='ltr'><strong>et</strong></span> <span class='ocrx_word' id='word_1_183' title='bbox 696 2435 726 2465; x_wconf 89' lang='lat' dir='ltr'><strong>a</strong></span> <span class='ocrx_word' id='word_1_184' title='bbox 759 2417 1017 2480; x_wconf 88' lang='lat' dir='ltr'><strong>republica</strong></span> <span class='ocrx_word' id='word_1_185' title='bbox 1055 2417 1410 2480; x_wconf 85' lang='lat' dir='ltr'><strong>diiungemus;</strong></span> <span class='ocrx_word' id='word_1_186' title='bbox 1460 2418 1538 2463; x_wconf 89' lang='lat' dir='ltr'><strong>sin</strong></span> <span class='ocrx_word' id='word_1_187' title='bbox 1576 2424 1749 2466; x_wconf 90' lang='lat' dir='ltr'><strong>autem</strong></span> 
     </span>
    </p>
   </div>
   <div class='ocr_carea' id='block_1_6' title="bbox 275 2607 366 2648">
    <p class='ocr_par' dir='ltr' id='par_1_6' title="bbox 275 2607 366 2648">
     <span class='ocr_line' id='line_1_26' title="bbox 275 2607 366 2648; baseline -0.022 0"><span class='ocrx_word' id='word_1_188' title='bbox 275 2607 366 2648; x_wconf 74' lang='lat'><strong>4530</strong></span> 
     </span>
    </p>
   </div>
  </div>
 </body>
</html>
