1837 3029
834 195 1084 243 CICERO

219 326 356 368 nium
406 328 625 380 nomine,
669 328 974 387 quicumque
1026 324 1215 371 Romae
1265 323 1408 372 ludos
1457 323 1701 379 facerent,

220 414 354 476 quod
385 422 492 461 erat
521 418 621 461 iam
650 419 959 471 institutum,
984 416 1315 479 erogaretur?
1381 415 1701 479 Quamquam

219 503 308 550 has
328 505 574 568 querellas
594 505 853 553 hominum
873 514 1155 553 nostrorum
1178 506 1261 553 illo
1280 506 1482 554 consilio
1501 521 1702 569 oppres-

217 597 389 651 simus.
407 597 542 659 quod
566 599 617 642 in
642 597 763 643 Asia
786 600 954 643 nescio
979 614 1078 660 quo
1102 597 1270 653 modo,
1289 597 1479 643 Romae
1498 597 1702 660 quidem

220 703 318 732 non
348 687 586 733 mediocri
615 704 729 734 cum
762 688 1093 735 admiratione
1123 688 1376 744 laudatur,
1407 688 1560 751 quod,
1589 703 1700 733 cum

220 777 284 823 ad
340 778 587 840 templum
645 787 1134 842 monumentumque
1192 787 1418 826 nostrum
1474 782 1704 826 civitates

220 873 456 929 pecunias
502 871 876 926 decrevissent3
925 887 1142 934 cumque
1188 871 1239 918 id
1287 877 1341 917 et
1380 887 1470 933 pro
1510 872 1705 933 magnis

221 963 344 1005 meis
379 964 586 1016 meritis,
620 968 674 1008 et
706 978 794 1024 pro
828 965 927 1008 tuis
960 965 1191 1008 maximis
1223 961 1479 1008 beneficiis
1512 976 1707 1007 summa

220 1066 311 1096 sua
335 1051 595 1098 voluntate
620 1051 875 1107 fecissent,
900 1056 1299 1116 nominatimque
1324 1052 1407 1099 lex
1433 1055 1708 1114 exciperet,

221 1155 287 1187 UT
331 1157 397 1187 AD
440 1158 681 1189 TEMPLUM
729 1159 1189 1195 MONUMENTUMQUE
1235 1159 1423 1189 CAPERE
1468 1156 1708 1196 LICERET3

222 1247 437 1295 cumque
485 1234 552 1285 id,
590 1234 724 1296 quod
772 1235 1005 1289 dabatur,
1043 1251 1142 1279 non
1190 1241 1324 1279 esset
1371 1236 1709 1287 interiturum,

222 1322 312 1368 sed
359 1326 411 1369 in
458 1328 766 1371 ornamentis
814 1324 991 1387 templi
1041 1324 1286 1380 futurum,
1335 1331 1393 1370 ut
1442 1340 1540 1369 non
1587 1322 1708 1369 mihi

224 1416 408 1474 potius,
445 1430 598 1476 quam
637 1414 823 1477 populo
867 1414 1093 1460 Romano
1136 1431 1192 1460 ac
1234 1414 1308 1461 dis
1346 1413 1710 1461 immortalibus

224 1503 399 1550 datum
440 1506 724 1561 vidcrctur3
771 1512 945 1552 tamen
980 1505 1048 1561 id,
1084 1509 1135 1551 in
1172 1521 1271 1568 quo
1319 1511 1429 1551 erat
1474 1505 1711 1567 dignitas,

227 1602 336 1640 erat
382 1594 481 1650 lex,
517 1603 626 1642 erat
672 1612 863 1651 eorum,
910 1599 995 1659 qui
1041 1595 1315 1649 faciebant,
1350 1595 1598 1650 voluntaS,
1634 1611 1712 1640 ac-

225 1687 511 1747 cipiendum
534 1704 631 1733 non
651 1690 843 1749 putavi,
861 1703 973 1733 cum
995 1686 1100 1732 aliis
1125 1687 1187 1733 de
1207 1689 1386 1741 causis,
1404 1693 1513 1732 tum
1540 1688 1711 1739 etiam,

227 1783 284 1822 ut
318 1780 483 1823 animo
518 1781 754 1840 aequiore
788 1776 981 1824 ferrent
1013 1781 1064 1832 ii,
1099 1778 1279 1840 quibus
1315 1793 1407 1823 nec
1440 1777 1713 1824 deberetur

151 1872 202 1912 27
228 1883 319 1913 nec
370 1867 558 1914 liceret.
627 1868 950 1931 Quapropter
998 1869 1231 1914 incumbe
1283 1875 1392 1914 toto
1443 1870 1609 1914 animo
1660 1873 1714 1913 et

225 1959 393 2004 studio
421 1962 554 2004 omni
583 1962 632 2004 in
661 1975 773 2005 eam
800 1962 1067 2014 rationem,
1094 1975 1193 2022 qua
1223 1957 1385 2005 adhuc
1414 1975 1530 2004 usus
1559 1974 1629 2013 es,
1656 1964 1714 2004 ut

228 2066 330 2106 eos,
356 2067 480 2113 quos
507 2057 626 2096 tuae
654 2049 769 2096 fidei
794 2053 1142 2112 potestatique
1168 2056 1373 2096 senatus
1399 2048 1713 2112 populusque

229 2141 482 2186 Romanus
534 2144 782 2187 commisit
835 2147 889 2187 et
941 2141 1172 2195 credidit,
1225 2139 1421 2203 diligas,
1474 2146 1528 2186 et
1579 2142 1713 2186 omni

228 2236 421 2278 ratione
476 2239 670 2287 tueare,
725 2239 783 2278 ut
837 2247 946 2278 esse
1000 2248 1153 2294 quam
1206 2231 1522 2277 beatissimos
1577 2230 1712 2276 veliS.

229 2324 377 2382 Quod
409 2327 447 2368 si
482 2330 534 2369 te
567 2340 670 2369 sors
704 2322 837 2369 Afris
872 2329 960 2368 aut
993 2322 1229 2384 Hispanis
1263 2328 1353 2368 aut
1386 2321 1540 2368 Gallis
1573 2337 1715 2384 prae-

228 2414 447 2468 fecisset,
488 2415 789 2459 immanibus
832 2430 888 2459 ac
930 2414 1153 2458 barbaris
1197 2414 1500 2468 nationibus,
1542 2420 1715 2458 tamen

231 2513 364 2551 esset
398 2504 726 2550 humanitatis
760 2511 897 2559 tuae,
930 2503 1188 2550 consulere
1223 2520 1394 2550 eorum
1427 2503 1718 2560 commodis,

242 2583 336 2629 410·
