1837 3029
891 190 1142 237 CICERO

273 312 477 361 fortuna
512 319 744 362 sustinet.
817 317 941 373 Quis
979 319 1111 362 enim
1151 324 1241 363 aut
1278 316 1606 364 Alexandrini
1642 315 1758 362 belli

274 388 472 427 tantam
504 399 694 428 moram
729 382 842 428 huic
876 383 1007 429 bello
1040 384 1332 430 adiunctum
1366 387 1441 439 iri,
1474 391 1563 430 aut.
1594 386 1760 430 nescio

275 465 426 510 quem
470 452 622 495 istum
668 449 978 496 Pharnacem
1022 451 1174 496 Asiae
1218 458 1462 497 terrorem
1505 450 1758 496 illaturum

225 521 249 560 3
273 522 478 576 putaret
502 516 520 561 ?
582 516 683 562 Nos
712 523 904 572 tamen,
931 519 982 562 in
1009 517 1212 564 consilio
1239 521 1365 580 pari,
1391 534 1509 564 casu
1537 515 1759 564 dissimili

274 585 346 628 usi
365 599 551 628 sumus.
601 583 677 629 Tu
694 586 828 629 enim
847 600 959 629 eam
978 591 1175 645 partem
1193 588 1386 646 petisti,
1403 591 1460 631 ut
1478 590 1532 630 et
1547 583 1760 631 consiliis

273 651 561 704 interesses,
609 657 679 704 et,
726 651 861 713 quod
907 655 1126 697 maxime
1173 668 1345 698 curam
1390 651 1545 706 levat,
1589 649 1761 697 futura

273 719 440 762 animo
488 720 772 778 prospicere
821 734 1008 779 posses.
1092 718 1219 781 Ego,
1269 721 1353 781 qui
1402 717 1655 772 festinavi,
1705 724 1761 762 ut

273 782 542 829 Caesarem
569 787 619 829 in
649 783 797 830 Italia
824 785 1047 832 viderem
1075 786 1164 848 (sic
1193 789 1326 831 enim
1354 784 1761 844 arbitrabamur),

273 865 493 912 eumque
528 850 699 897 multis
735 851 1097 898 honestissimis
1134 855 1247 898 viris
1282 854 1606 907 conservatis,
1650 851 1760 897 red-

274 924 482 963 euntem
524 918 589 964 ad
641 934 817 980 pacem
859 926 1166 974 currentem,
1198 926 1257 965 ut
1289 922 1449 974 aiunt,
1480 921 1760 972 incitarem,

274 985 338 1030 ab
365 984 448 1031 illo
476 983 763 1048 longissime
793 993 846 1032 et
875 987 1051 1033 absum
1081 993 1135 1032 et
1163 985 1316 1033 abfui.
1378 986 1421 1031 V
1425 1002 1561 1033 ersor
1587 992 1759 1031 autem

272 1053 323 1096 in
358 1054 553 1113 gemitu
591 1052 788 1107 Italiae,
825 1060 878 1099 et
912 1056 963 1098 in
1001 1053 1152 1100 Urbis
1186 1056 1474 1100 miserrimis
1509 1051 1760 1115 querellis,

273 1119 454 1179 quibus
480 1118 668 1181 aliquid
693 1123 800 1182 opis
825 1119 1038 1166 fortasse
1065 1137 1160 1183 ego
1185 1137 1274 1182 pro
1299 1137 1431 1176 mea,
1456 1127 1512 1166 tu
1538 1136 1628 1182 pro
1653 1126 1759 1173 tua,

274 1201 362 1246 pro
393 1202 483 1232 sua
515 1189 727 1249 quisque
758 1194 904 1248 parte
937 1186 1068 1233 ferre
1100 1190 1367 1249 potuisset,
1398 1190 1437 1233 si
1470 1194 1645 1233 auctor
1674 1185 1759 1232 ad-

224 1258 247 1296 4
273 1251 466 1298 fuisset.
545 1253 714 1311 Quare
759 1253 908 1299 velim
952 1271 1042 1316 pro
1087 1261 1177 1300 tua
1219 1261 1469 1316 perpetua
1513 1270 1634 1316 erga
1677 1269 1758 1298 me

274 1319 627 1366 benevolentia
648 1321 833 1366 scribas
855 1321 919 1367 ad
939 1338 1039 1376 me,
1061 1322 1182 1383 quid
1203 1322 1391 1377 videas,
1412 1321 1534 1384 quid
1553 1323 1759 1374 sentias,

273 1386 395 1447 quid
425 1388 844 1449 exspectandum,
873 1388 995 1450 quid
1026 1389 1280 1450 agendum
1311 1389 1454 1435 nobis
1483 1390 1756 1433 existimes.

277 1453 453 1516 Magni
474 1461 623 1500 erunt
643 1453 762 1500 mihi
783 1462 903 1501 tuae
922 1455 1125 1501 litterae
1151 1470 1161 1509 ;
1200 1463 1355 1518 atque
1375 1458 1568 1501 utinam
1588 1456 1758 1516 primis

272 1519 383 1574 illis,
404 1538 527 1582 quas
551 1521 763 1568 Luceria
782 1525 1007 1577 miseras,
1027 1525 1303 1584 paruissem
1329 1523 1337 1568 !
1377 1526 1483 1568 sine
1506 1521 1606 1568 ulla
1625 1524 1758 1568 enim

272 1586 505 1634 molestia
526 1589 832 1652 dignitatem
856 1606 1023 1635 meam
1046 1593 1382 1636 retinuissem.
1450 1588 1590 1635 Vale.

335 1771 353 1790 ⁰
381 1765 486 1806 This
517 1768 649 1806 refers
678 1771 722 1806 to
752 1767 951 1807 Caesar's
982 1767 1087 1819 long
1114 1767 1201 1807 and
1232 1766 1442 1808 doubtful
1472 1767 1682 1820 struggle,
1715 1769 1756 1806 in

278 1819 350 1859 the
371 1824 554 1859 autumn
583 1820 632 1859 of
661 1824 729 1865 48,
752 1821 853 1860 with
876 1821 1078 1868 Arsinoe,
1099 1835 1301 1873 younger
1324 1822 1448 1861 sister
1467 1823 1518 1862 of
1543 1820 1757 1872 I'tolemy,

278 1873 376 1911 who
397 1887 484 1913 was
505 1874 744 1925 supported
769 1875 828 1925 by
849 1874 922 1914 the
952 1874 1107 1926 people
1127 1876 1178 1914 of
1194 1874 1478 1915 Alexandria.

339 1927 354 1948 ‘²
388 1927 648 1973 Pharnaces,
677 1927 787 1979 king·
812 1929 863 1967 of
886 1928 1067 1975 Pontus,
1094 1942 1183 1968 was
1208 1928 1411 1969 defeated
1439 1929 1499 1980 by
1526 1928 1689 1970 Caesar
1711 1931 1757 1967 at

278 1980 376 2072 Zeila
399 1982 442 2021 in
463 1982 654 2033 August,
676 1985 744 2028 47,
766 1982 890 2022 when
911 1982 984 2023 the
1005 1982 1132 2022 latter
1150 1987 1247 2023 sent
1267 1983 1333 2024 his
1351 1984 1527 2023 famous
1545 1982 1756 2034 despatch

278 2034 303 2050 ‘¹
345 2034 441 2079 ⁷eni,
464 2035 572 2082 vidi,
596 2035 727 2075 ‘nicil'

336 2092 351 2111 ⁰
383 2089 566 2129 Written
594 2088 811 2140 probably
835 2090 950 2129 from
980 2089 1052 2129 the
1079 2089 1394 2141 }1‹·adquarters
1418 2089 1468 2130 of
1491 2089 1688 2142 Pompey
1713 2093 1755 2129 at

280 2141 462 2182 Luceria
483 2145 525 2182 in
549 2143 712 2195 Apulia
733 2143 880 2183 before
901 2143 954 2183 he
973 2143 1145 2184 crossvd
1167 2158 1269 2183 over
1287 2147 1332 2184 to
1353 2144 1532 2191 Greece,
1552 2145 1595 2184 in
1617 2143 1753 2184 which

276 2196 454 2237 Cassius
474 2197 653 2238 advised
676 2198 828 2239 Cicero
849 2201 926 2238 not
946 2201 991 2238 to
1012 2197 1133 2238 leave
1156 2198 1285 2243 Italy.

282 2604 377 2653 294
