1837 3029
172 1146 191 1187 l

170 1893 194 1930 m

837 173 1088 221 CICERO

218 304 529 367 Hippianum
559 307 808 359 tractetis,
837 320 1048 367 remque
1078 321 1191 350 cum
1223 320 1284 351 eo
1313 303 1605 359 conficiatis,
1634 309 1708 358 ut,

218 396 370 443 quam
393 383 759 442 possessionem
783 378 940 425 habet
962 383 1012 425 in
1037 395 1158 442 agro
1182 378 1497 442 Fregellano,
1520 395 1549 424 a
1571 377 1709 424 vobis

219 465 464 516 emptam,
503 470 615 500 eam
653 453 863 499 liberam
903 461 956 500 et
993 457 1270 500 immunem
1309 453 1498 500 habere
1536 454 1707 516 possit.

221 527 279 573 Id
309 531 347 573 si
381 544 408 573 a
439 528 577 573 vobis
607 531 899 589 impetraro,
929 544 1125 574 summo
1155 544 1236 574 me
1267 527 1513 574 beneflcio
1543 532 1710 574 vestro

219 601 455 648 affectum
481 603 776 650 arbitrabor.

846 816 1088 863 LXXVII

573 941 628 973 M.
665 941 710 973 T.
748 942 788 973 c,
826 941 862 973 S.
902 942 948 973 n.
987 942 1029 973 P.
1068 942 1288 973 suuncio
1324 941 1436 977 im».

741 1034 925 1081 Romae,
947 1048 1078 1075 A.U.c.
1101 1037 1198 1076 708.

283 1140 410 1187 Cum
445 1139 519 1187 his
555 1141 868 1203 temporibus
904 1158 1003 1187 non
1039 1157 1159 1187 sane
1195 1144 1245 1186 in
1280 1147 1516 1187 senatum
1552 1141 1712 1186 venti·

219 1222 400 1270 tarem,
436 1223 627 1271 tamen,
663 1223 720 1262 ut
756 1222 869 1262 tuas
904 1215 1100 1262 litteras
1136 1215 1254 1277 legi,
1291 1232 1390 1261 non
1428 1216 1710 1261 existimavi

219 1306 300 1336 me
325 1290 461 1336 salvo
486 1294 592 1336 iure
619 1297 820 1336 nostrae
847 1293 1030 1336 veteris
1058 1293 1308 1336 amicitiae
1335 1289 1710 1350 multorumque

218 1368 351 1410 inter
400 1382 488 1411 nos
537 1365 808 1411 officiorum
858 1363 1025 1410 facere
1075 1381 1239 1426 posse,
1289 1372 1346 1411 ut
1396 1363 1570 1410 honori
1621 1370 1710 1409 tuo

220 1439 465 1486 deessem.
557 1439 740 1501 Itaque
800 1437 956 1494 adfui,
1026 1438 1548 1501 supplicationemque
1618 1438 1710 1483 tibi

218 1513 436 1560 libenter
472 1514 705 1569 decrevi3
756 1529 849 1559 nec
884 1513 1078 1575 reliquo
1114 1520 1345 1575 tempore
1380 1513 1478 1558 ullo
1516 1519 1604 1558 aut
1639 1514 1710 1557 rei

220 1596 308 1634 aut
342 1591 702 1634 existimationi
737 1595 825 1634 aut
858 1587 1096 1651 dignitati
1129 1594 1249 1634 tuae
1284 1587 1451 1634 deero.
1520 1587 1711 1649 Atque,

221 1661 313 1708 hoc
361 1671 418 1710 ut
466 1667 538 1710 tui
589 1666 855 1709 necessarii
899 1666 1077 1718 sciant,
1119 1661 1212 1709 hoc
1255 1678 1337 1708 me
1381 1665 1547 1708 animo
1591 1677 1709 1723 erga

221 1745 273 1783 tc
310 1754 437 1793 esse,
474 1738 622 1783 velim
663 1736 815 1783 facias
855 1753 939 1783 eos
980 1753 1071 1799 per
1109 1737 1305 1783 litteras
1343 1740 1599 1792 certiores,
1636 1743 1710 1789 ut,

220 1815 257 1856 si
307 1812 428 1874 quid
469 1812 561 1858 tibi
605 1828 728 1872 opus
777 1814 858 1866 sit,
902 1827 965 1856 ne
1014 1811 1253 1857 dubitent
1299 1810 1419 1857 mihi
1467 1814 1574 1856 iure
1620 1825 1710 1856 suo

221 1886 536 1932 denuntiare.
610 1885 682 1932 M.
719 1885 982 1940 Bolanum,
1019 1889 1177 1931 virum
1213 1887 1401 1932 bonum
1438 1892 1492 1932 et
1525 1883 1710 1930 fortem

222 1967 274 2006 ct
334 1961 565 2006 omnibus
625 1960 774 2006 rebus
836 1966 1088 2014 ornatum,
1149 1975 1422 2022 meumque
1484 1966 1710 2004 veterem

219 2038 452 2090 amicum,
487 2035 578 2080 tibi
615 2050 801 2097 magno
835 2049 989 2096 opere
1024 2033 1338 2080 commendo.
1409 2031 1709 2095 Pergratum

221 2108 341 2154 mihi
378 2108 573 2164 feceris,
609 2112 648 2154 si
685 2111 888 2163 curaris,
925 2115 982 2155 ut
1017 2111 1057 2154 is
1092 2108 1377 2171 intellegat,
1414 2106 1543 2152 hanc
1577 2122 1710 2153 com-

220 2183 599 2230 mendationem
650 2183 741 2228 sibi
794 2199 979 2245 magno
1031 2182 1325 2229 adiumento
1375 2180 1543 2228 fuisse.
1630 2180 1710 2242 Ip-

283 2317 301 2336 ⁰
330 2311 425 2352 The
455 2324 534 2352 son
566 2312 617 2352 of
642 2310 717 2351 the
747 2308 1070 2360 distinguished
1096 2309 1228 2361 jurist
1257 2310 1345 2360 (for
1376 2309 1520 2349 whom
1552 2321 1623 2348 see
1652 2309 1707 2348 iv·

229 2370 265 2405 1.
305 2371 341 2412 l,
375 2369 476 2405 note
509 2366 568 2416 a).
630 2364 737 2404 This
770 2363 992 2415 Sulpicius
1026 2376 1114 2403 was
1145 2363 1639 2404 commander-in-chief
1663 2362 1712 2401 of

225 2420 298 2458 the
329 2421 469 2459 forces
502 2421 545 2459 in
580 2417 806 2470 Illyricum
839 2418 1003 2470 during
1035 2421 1104 2465 46,
1137 2431 1185 2458 as
1220 2418 1424 2458 Vatinius
1458 2429 1546 2457 was
1579 2418 1622 2456 in
1655 2420 1709 2455 45

225 2474 312 2513 and
336 2477 391 2514 43
413 2475 471 2523 (v.
495 2476 520 2513 9
543 2474 669 2524 sqq.).

287 2528 301 2550 ‘³
337 2527 537 2578 Nothing
560 2540 679 2566 more
701 2527 736 2567 is
758 2525 922 2566 known
945 2527 995 2565 of
1013 2525 1118 2567 him.

221 2596 309 2642 172
