<?xml version="1.0" encoding="UTF-8"?>
<!DOCTYPE html PUBLIC "-//W3C//DTD XHTML 1.0 Transitional//EN"
    "http://www.w3.org/TR/xhtml1/DTD/xhtml1-transitional.dtd">
<html xmlns="http://www.w3.org/1999/xhtml" xml:lang="en" lang="en">
 <head>
  <title>
</title>
<meta http-equiv="Content-Type" content="text/html;charset=utf-8" />
  <meta name='ocr-system' content='tesseract 3.04.00' />
  <meta name='ocr-capabilities' content='ocr_page ocr_carea ocr_par ocr_line ocrx_word'/>
</head>
<body>
  <div class='ocr_page' id='page_1' title='image "./letterstohisfrie03ciceuoft_0172.png"; bbox 0 0 1837 3029; ppageno 0'>
   <div class='ocr_carea' id='block_1_1' title="bbox 873 186 1125 234">
    <p class='ocr_par' dir='ltr' id='par_1_1' title="bbox 873 186 1125 234">
     <span class='ocr_line' id='line_1_1' title="bbox 873 186 1125 234; baseline 0.004 -1"><span class='ocrx_word' id='word_1_1' title='bbox 873 186 1125 234; x_wconf 81' lang='lat' dir='ltr'>CICERO</span> 
     </span>
    </p>
   </div>
   <div class='ocr_carea' id='block_1_2' title="bbox 253 313 1744 514">
    <p class='ocr_par' dir='ltr' id='par_1_2' title="bbox 253 313 1744 514">
     <span class='ocr_line' id='line_1_2' title="bbox 253 313 1744 378; baseline 0.001 -17"><span class='ocrx_word' id='word_1_2' title='bbox 253 313 478 371; x_wconf 82' lang='lat' dir='ltr'>habeat3</span> <span class='ocrx_word' id='word_1_3' title='bbox 524 331 655 378; x_wconf 87' lang='lat' dir='ltr'>quae</span> <span class='ocrx_word' id='word_1_4' title='bbox 686 332 849 378; x_wconf 84' lang='lat' dir='ltr'>aequa</span> <span class='ocrx_word' id='word_1_5' title='bbox 878 315 1172 377; x_wconf 78' lang='lat' dir='ltr'>postulabit,</span> <span class='ocrx_word' id='word_1_6' title='bbox 1201 322 1258 362; x_wconf 87' lang='lat' dir='ltr'>ut</span> <span class='ocrx_word' id='word_1_7' title='bbox 1285 315 1477 362; x_wconf 83' lang='lat' dir='ltr'><strong>libente</strong></span> <span class='ocrx_word' id='word_1_8' title='bbox 1505 322 1558 362; x_wconf 90' lang='lat' dir='ltr'>te</span> <span class='ocrx_word' id='word_1_9' title='bbox 1585 318 1744 378; x_wconf 88' lang='lat' dir='ltr'>impe-</span> 
     </span>
     <span class='ocr_line' id='line_1_3' title="bbox 254 383 1742 444; baseline 0.001 -17"><span class='ocrx_word' id='word_1_10' title='bbox 254 389 391 436; x_wconf 88' lang='lat' dir='ltr'>tret;</span> <span class='ocrx_word' id='word_1_11' title='bbox 446 386 737 444; x_wconf 80' lang='lat' dir='ltr'>sentiatque</span> <span class='ocrx_word' id='word_1_12' title='bbox 775 399 940 428; x_wconf 91' lang='lat' dir='ltr'>meam</span> <span class='ocrx_word' id='word_1_13' title='bbox 980 383 1071 428; x_wconf 85' lang='lat' dir='ltr'>sibi</span> <span class='ocrx_word' id='word_1_14' title='bbox 1110 386 1399 437; x_wconf 82' lang='lat' dir='ltr'>amicitiam,</span> <span class='ocrx_word' id='word_1_15' title='bbox 1438 385 1592 429; x_wconf 88' lang='lat' dir='ltr'>etiam</span> <span class='ocrx_word' id='word_1_16' title='bbox 1627 399 1742 429; x_wconf 89' lang='lat' dir='ltr'>cum</span> 
     </span>
     <span class='ocr_line' id='line_1_4' title="bbox 253 448 1549 514; baseline 0.002 -20"><span class='ocrx_word' id='word_1_17' title='bbox 253 448 539 511; x_wconf 80' lang='lat' dir='ltr'>longissime</span> <span class='ocrx_word' id='word_1_18' title='bbox 570 450 746 505; x_wconf 86' lang='lat' dir='ltr'>absim,</span> <span class='ocrx_word' id='word_1_19' title='bbox 775 451 1012 512; x_wconf 77' lang='lat' dir='ltr'>prodesse</span> <span class='ocrx_word' id='word_1_20' title='bbox 1041 453 1091 495; x_wconf 89' lang='lat' dir='ltr'>in</span> <span class='ocrx_word' id='word_1_21' title='bbox 1119 454 1289 512; x_wconf 89' lang='lat' dir='ltr'>primis</span> <span class='ocrx_word' id='word_1_22' title='bbox 1319 450 1454 514; x_wconf 87' lang='lat' dir='ltr'>apud</span> <span class='ocrx_word' id='word_1_23' title='bbox 1480 457 1549 497; x_wconf 87' lang='lat' dir='ltr'>te.</span> 
     </span>
    </p>
   </div>
   <div class='ocr_carea' id='block_1_3' title="bbox 941 650 1058 697">
    <p class='ocr_par' dir='ltr' id='par_1_3' title="bbox 941 650 1058 697">
     <span class='ocr_line' id='line_1_5' title="bbox 941 650 1058 697; baseline 0 -1"><span class='ocrx_word' id='word_1_24' title='bbox 941 650 1058 697; x_wconf 93' lang='lat' dir='ltr'>LIX</span> 
     </span>
    </p>
   </div>
   <div class='ocr_carea' id='block_1_4' title="bbox 335 774 1657 914">
    <p class='ocr_par' dir='ltr' id='par_1_4' title="bbox 335 774 1657 914">
     <span class='ocr_line' id='line_1_6' title="bbox 335 774 1657 815; baseline 0.001 -9"><span class='ocrx_word' id='word_1_25' title='bbox 335 774 389 806; x_wconf 84' lang='lat' dir='ltr'>M.</span> <span class='ocrx_word' id='word_1_26' title='bbox 425 775 470 806; x_wconf 87' lang='lat' dir='ltr'>T.</span> <span class='ocrx_word' id='word_1_27' title='bbox 508 775 548 807; x_wconf 81' lang='lat' dir='ltr'>c,</span> <span class='ocrx_word' id='word_1_28' title='bbox 585 775 626 806; x_wconf 91' lang='lat' dir='ltr'>c.</span> <span class='ocrx_word' id='word_1_29' title='bbox 663 775 844 806; x_wconf 76' lang='lat' dir='ltr'>cun&#39;mo</span> <span class='ocrx_word' id='word_1_30' title='bbox 880 775 1220 815; x_wconf 62' lang='lat' dir='ltr'>PmmcfflANo,</span> <span class='ocrx_word' id='word_1_31' title='bbox 1254 774 1501 815; x_wconf 64' lang='lat' dir='ltr'>Prummu</span> <span class='ocrx_word' id='word_1_32' title='bbox 1534 774 1572 807; x_wconf 82' lang='lat' dir='ltr'>s,</span> <span class='ocrx_word' id='word_1_33' title='bbox 1609 775 1657 808; x_wconf 86' lang='lat' dir='ltr'>D.</span> 
     </span>
     <span class='ocr_line' id='line_1_7' title="bbox 738 867 1269 914; baseline 0.002 -7"><span class='ocrx_word' id='word_1_34' title='bbox 738 867 996 914; x_wconf 82' lang='lat' dir='ltr'>Laodiceae,</span> <span class='ocrx_word' id='word_1_35' title='bbox 1020 881 1149 908; x_wconf 77' lang='lat' dir='ltr'>A.u.c.</span> <span class='ocrx_word' id='word_1_36' title='bbox 1174 870 1269 908; x_wconf 65' lang='lat'>704.</span> 
     </span>
    </p>
   </div>
   <div class='ocr_carea' id='block_1_5' title="bbox 246 961 1741 1563">
    <p class='ocr_par' dir='ltr' id='par_1_5' title="bbox 246 961 1741 1563">
     <span class='ocr_line' id='line_1_8' title="bbox 315 961 1741 1026; baseline 0.002 -18"><span class='ocrx_word' id='word_1_37' title='bbox 315 961 388 1009; x_wconf 86' lang='lat' dir='ltr'>M.</span> <span class='ocrx_word' id='word_1_38' title='bbox 425 962 636 1009; x_wconf 83' lang='lat' dir='ltr'>Fadium</span> <span class='ocrx_word' id='word_1_39' title='bbox 670 966 814 1009; x_wconf 85' lang='lat' dir='ltr'>unice</span> <span class='ocrx_word' id='word_1_40' title='bbox 847 963 1018 1026; x_wconf 85' lang='lat' dir='ltr'>diligo,</span> <span class='ocrx_word' id='word_1_41' title='bbox 1049 979 1348 1026; x_wconf 87' lang='lat' dir='ltr'>summaque</span> <span class='ocrx_word' id='word_1_42' title='bbox 1378 961 1501 1010; x_wconf 90' lang='lat' dir='ltr'>mihi</span> <span class='ocrx_word' id='word_1_43' title='bbox 1532 979 1647 1010; x_wconf 89' lang='lat' dir='ltr'>cum</span> <span class='ocrx_word' id='word_1_44' title='bbox 1679 978 1741 1011; x_wconf 87' lang='lat' dir='ltr'>eo</span> 
     </span>
     <span class='ocr_line' id='line_1_9' title="bbox 248 1029 1739 1092; baseline 0.001 -17"><span class='ocrx_word' id='word_1_45' title='bbox 248 1031 562 1077; x_wconf 83' lang='lat' dir='ltr'>consuetudo</span> <span class='ocrx_word' id='word_1_46' title='bbox 585 1037 637 1076; x_wconf 88' lang='lat' dir='ltr'>et</span> <span class='ocrx_word' id='word_1_47' title='bbox 658 1029 971 1076; x_wconf 85' lang='lat' dir='ltr'>familiaritas</span> <span class='ocrx_word' id='word_1_48' title='bbox 995 1037 1072 1076; x_wconf 85' lang='lat' dir='ltr'>est</span> <span class='ocrx_word' id='word_1_49' title='bbox 1093 1046 1214 1092; x_wconf 84' lang='lat' dir='ltr'>perv</span> <span class='ocrx_word' id='word_1_50' title='bbox 1219 1037 1346 1076; x_wconf 90' lang='lat' dir='ltr'>etus.</span> <span class='ocrx_word' id='word_1_51' title='bbox 1416 1030 1477 1076; x_wconf 90' lang='lat' dir='ltr'>In</span> <span class='ocrx_word' id='word_1_52' title='bbox 1499 1033 1604 1079; x_wconf 81' lang='lat' dir='ltr'>eius</span> <span class='ocrx_word' id='word_1_53' title='bbox 1625 1047 1739 1077; x_wconf 92' lang='lat' dir='ltr'>con-</span> 
     </span>
     <span class='ocr_line' id='line_1_10' title="bbox 249 1089 1741 1159; baseline 0.002 -17"><span class='ocrx_word' id='word_1_54' title='bbox 249 1104 358 1143; x_wconf 88' lang='lat' dir='ltr'>trov</span> <span class='ocrx_word' id='word_1_55' title='bbox 364 1101 501 1143; x_wconf 88' lang='lat' dir='ltr'>ersiis</span> <span class='ocrx_word' id='word_1_56' title='bbox 538 1097 659 1159; x_wconf 92' lang='lat' dir='ltr'>quid</span> <span class='ocrx_word' id='word_1_57' title='bbox 686 1097 945 1153; x_wconf 89' lang='lat' dir='ltr'>decernas,</span> <span class='ocrx_word' id='word_1_58' title='bbox 979 1114 1007 1143; x_wconf 90' lang='lat' dir='ltr'>a</span> <span class='ocrx_word' id='word_1_59' title='bbox 1040 1104 1093 1144; x_wconf 90' lang='lat' dir='ltr'>te</span> <span class='ocrx_word' id='word_1_60' title='bbox 1122 1114 1221 1143; x_wconf 87' lang='lat' dir='ltr'>non</span> <span class='ocrx_word' id='word_1_61' title='bbox 1249 1104 1370 1159; x_wconf 90' lang='lat' dir='ltr'>peto</span> <span class='ocrx_word' id='word_1_62' title='bbox 1397 1097 1656 1159; x_wconf 88' lang='lat' dir='ltr'>(servabiS‚</span> <span class='ocrx_word' id='word_1_63' title='bbox 1683 1089 1741 1146; x_wconf 79' lang='lat' dir='ltr'>ut</span> 
     </span>
     <span class='ocr_line' id='line_1_11' title="bbox 249 1164 1738 1227; baseline 0 -17"><span class='ocrx_word' id='word_1_64' title='bbox 249 1171 338 1210; x_wconf 87' lang='lat' dir='ltr'>tua</span> <span class='ocrx_word' id='word_1_65' title='bbox 364 1164 487 1210; x_wconf 76' lang='lat' dir='ltr'>fides</span> <span class='ocrx_word' id='word_1_66' title='bbox 525 1172 579 1210; x_wconf 87' lang='lat' dir='ltr'>et</span> <span class='ocrx_word' id='word_1_67' title='bbox 603 1164 822 1227; x_wconf 84' lang='lat' dir='ltr'>dignitas</span> <span class='ocrx_word' id='word_1_68' title='bbox 847 1164 1089 1226; x_wconf 85' lang='lat' dir='ltr'>postulat,</span> <span class='ocrx_word' id='word_1_69' title='bbox 1115 1165 1337 1211; x_wconf 89' lang='lat' dir='ltr'>edictum</span> <span class='ocrx_word' id='word_1_70' title='bbox 1363 1171 1417 1210; x_wconf 87' lang='lat' dir='ltr'>et</span> <span class='ocrx_word' id='word_1_71' title='bbox 1447 1167 1738 1210; x_wconf 84' lang='lat' dir='ltr'>institutum</span> 
     </span>
     <span class='ocr_line' id='line_1_12' title="bbox 248 1230 1738 1293; baseline 0.001 -16"><span class='ocrx_word' id='word_1_72' title='bbox 248 1232 432 1293; x_wconf 88' lang='lat' dir='ltr'>tuum),</span> <span class='ocrx_word' id='word_1_73' title='bbox 464 1231 554 1278; x_wconf 88' lang='lat' dir='ltr'>sed</span> <span class='ocrx_word' id='word_1_74' title='bbox 586 1238 643 1277; x_wconf 88' lang='lat' dir='ltr'>ut</span> <span class='ocrx_word' id='word_1_75' title='bbox 676 1248 827 1293; x_wconf 88' lang='lat' dir='ltr'>quam</span> <span class='ocrx_word' id='word_1_76' title='bbox 860 1230 1118 1278; x_wconf 87' lang='lat' dir='ltr'>facillimos</span> <span class='ocrx_word' id='word_1_77' title='bbox 1152 1232 1216 1278; x_wconf 87' lang='lat' dir='ltr'>ad</span> <span class='ocrx_word' id='word_1_78' title='bbox 1247 1238 1301 1278; x_wconf 86' lang='lat' dir='ltr'>te</span> <span class='ocrx_word' id='word_1_79' title='bbox 1334 1231 1499 1278; x_wconf 87' lang='lat' dir='ltr'>aditus</span> <span class='ocrx_word' id='word_1_80' title='bbox 1531 1230 1738 1287; x_wconf 87' lang='lat' dir='ltr'>habeat,</span> 
     </span>
     <span class='ocr_line' id='line_1_13' title="bbox 247 1298 1737 1360; baseline 0.001 -17"><span class='ocrx_word' id='word_1_81' title='bbox 247 1313 378 1360; x_wconf 89' lang='lat' dir='ltr'>quae</span> <span class='ocrx_word' id='word_1_82' title='bbox 398 1305 546 1344; x_wconf 89' lang='lat' dir='ltr'>erunt</span> <span class='ocrx_word' id='word_1_83' title='bbox 565 1314 745 1360; x_wconf 87' lang='lat' dir='ltr'>aequa,</span> <span class='ocrx_word' id='word_1_84' title='bbox 763 1298 954 1344; x_wconf 84' lang='lat' dir='ltr'>libente</span> <span class='ocrx_word' id='word_1_85' title='bbox 974 1306 1026 1344; x_wconf 89' lang='lat' dir='ltr'>te</span> <span class='ocrx_word' id='word_1_86' title='bbox 1044 1302 1287 1360; x_wconf 84' lang='lat' dir='ltr'>impetret</span> <span class='ocrx_word' id='word_1_87' title='bbox 1310 1313 1321 1352; x_wconf 86' lang='lat'><em>3</em></span> <span class='ocrx_word' id='word_1_88' title='bbox 1358 1305 1415 1344; x_wconf 83' lang='lat' dir='ltr'>ut</span> <span class='ocrx_word' id='word_1_89' title='bbox 1431 1314 1598 1344; x_wconf 89' lang='lat' dir='ltr'>meam</span> <span class='ocrx_word' id='word_1_90' title='bbox 1617 1302 1737 1344; x_wconf 91' lang='lat' dir='ltr'>ami-</span> 
     </span>
     <span class='ocr_line' id='line_1_14' title="bbox 246 1365 1738 1427; baseline 0.001 -17"><span class='ocrx_word' id='word_1_91' title='bbox 246 1368 416 1411; x_wconf 82' lang='lat' dir='ltr'>citiam</span> <span class='ocrx_word' id='word_1_92' title='bbox 438 1365 548 1419; x_wconf 89' lang='lat' dir='ltr'>sibi,</span> <span class='ocrx_word' id='word_1_93' title='bbox 571 1368 725 1411; x_wconf 88' lang='lat' dir='ltr'>etiam</span> <span class='ocrx_word' id='word_1_94' title='bbox 747 1381 859 1412; x_wconf 90' lang='lat' dir='ltr'>cum</span> <span class='ocrx_word' id='word_1_95' title='bbox 882 1366 1052 1426; x_wconf 90' lang='lat' dir='ltr'>procul</span> <span class='ocrx_word' id='word_1_96' title='bbox 1075 1366 1252 1420; x_wconf 88' lang='lat' dir='ltr'>absim,</span> <span class='ocrx_word' id='word_1_97' title='bbox 1272 1365 1510 1427; x_wconf 88' lang='lat' dir='ltr'>prodesse</span> <span class='ocrx_word' id='word_1_98' title='bbox 1531 1369 1738 1420; x_wconf 83' lang='lat' dir='ltr'>sentiat,</span> 
     </span>
     <span class='ocr_line' id='line_1_15' title="bbox 246 1431 1738 1495; baseline 0.001 -18"><span class='ocrx_word' id='word_1_99' title='bbox 246 1436 544 1493; x_wconf 87' lang='lat' dir='ltr'>praesertim</span> <span class='ocrx_word' id='word_1_100' title='bbox 564 1432 699 1494; x_wconf 90' lang='lat' dir='ltr'>apud</span> <span class='ocrx_word' id='word_1_101' title='bbox 718 1439 786 1479; x_wconf 90' lang='lat' dir='ltr'>te.</span> <span class='ocrx_word' id='word_1_102' title='bbox 856 1432 967 1478; x_wconf 87' lang='lat' dir='ltr'>Hoc</span> <span class='ocrx_word' id='word_1_103' title='bbox 986 1440 1038 1479; x_wconf 87' lang='lat' dir='ltr'>te</span> <span class='ocrx_word' id='word_1_104' title='bbox 1058 1431 1388 1479; x_wconf 79' lang='lat' dir='ltr'>vehementer</span> <span class='ocrx_word' id='word_1_105' title='bbox 1407 1435 1562 1479; x_wconf 86' lang='lat' dir='ltr'>etiam</span> <span class='ocrx_word' id='word_1_106' title='bbox 1581 1439 1738 1495; x_wconf 85' lang='lat' dir='ltr'>atque</span> 
     </span>
     <span class='ocr_line' id='line_1_16' title="bbox 246 1502 566 1563; baseline 0.003 -18"><span class='ocrx_word' id='word_1_107' title='bbox 246 1502 402 1545; x_wconf 86' lang='lat' dir='ltr'>etiarn</span> <span class='ocrx_word' id='word_1_108' title='bbox 429 1516 566 1563; x_wconf 85' lang='lat' dir='ltr'>rogo.</span> 
     </span>
    </p>
   </div>
   <div class='ocr_carea' id='block_1_6' title="bbox 949 1616 1039 1663">
    <p class='ocr_par' dir='ltr' id='par_1_6' title="bbox 949 1616 1039 1663">
     <span class='ocr_line' id='line_1_17' title="bbox 949 1616 1039 1663; baseline 0 0"><span class='ocrx_word' id='word_1_109' title='bbox 949 1616 1039 1663; x_wconf 87' lang='lat' dir='ltr'>LX</span> 
     </span>
    </p>
   </div>
   <div class='ocr_carea' id='block_1_7' title="bbox 553 1740 1427 1875">
    <p class='ocr_par' dir='ltr' id='par_1_7' title="bbox 553 1740 1427 1875">
     <span class='ocr_line' id='line_1_18' title="bbox 553 1740 1427 1775; baseline 0.001 -2"><span class='ocrx_word' id='word_1_110' title='bbox 553 1740 607 1773; x_wconf 77' lang='lat' dir='ltr'>M.</span> <span class='ocrx_word' id='word_1_111' title='bbox 643 1741 688 1773; x_wconf 90' lang='grc' dir='ltr'>Τ.</span> <span class='ocrx_word' id='word_1_112' title='bbox 727 1742 767 1773; x_wconf 89' lang='lat' dir='ltr'>C.</span> <span class='ocrx_word' id='word_1_113' title='bbox 804 1741 841 1773; x_wconf 85' lang='lat' dir='ltr'>S.</span> <span class='ocrx_word' id='word_1_114' title='bbox 880 1742 927 1773; x_wconf 87' lang='lat' dir='ltr'>D.</span> <span class='ocrx_word' id='word_1_115' title='bbox 963 1743 1007 1773; x_wconf 89' lang='lat' dir='ltr'>C.</span> <span class='ocrx_word' id='word_1_116' title='bbox 1043 1741 1271 1773; x_wconf 82' lang='lat' dir='ltr'>MUNATIO</span> <span class='ocrx_word' id='word_1_117' title='bbox 1304 1741 1346 1773; x_wconf 90' lang='lat' dir='ltr'>C.</span> <span class='ocrx_word' id='word_1_118' title='bbox 1381 1742 1427 1775; x_wconf 71' lang='lat' dir='ltr'>F.</span> 
     </span>
     <span class='ocr_line' id='line_1_19' title="bbox 826 1835 1159 1875; baseline 0.006 -2"><span class='ocrx_word' id='word_1_119' title='bbox 826 1835 959 1874; x_wconf 88' lang='lat' dir='ltr'>Anno</span> <span class='ocrx_word' id='word_1_120' title='bbox 982 1836 1159 1875; x_wconf 85' lang='lat' dir='ltr'>incerto.</span> 
     </span>
    </p>
   </div>
   <div class='ocr_carea' id='block_1_8' title="bbox 198 1929 1736 2053">
    <p class='ocr_par' dir='ltr' id='par_1_8' title="bbox 198 1929 1736 2053">
     <span class='ocr_line' id='line_1_20' title="bbox 198 1929 1736 1995; baseline -0.002 -17"><span class='ocrx_word' id='word_1_121' title='bbox 198 1938 218 1978; x_wconf 90' lang='lat'>1</span> <span class='ocrx_word' id='word_1_122' title='bbox 311 1930 367 1978; x_wconf 91' lang='lat' dir='ltr'>L.</span> <span class='ocrx_word' id='word_1_123' title='bbox 404 1930 656 1977; x_wconf 83' lang='lat' dir='ltr'>Livineius</span> <span class='ocrx_word' id='word_1_124' title='bbox 689 1930 892 1993; x_wconf 83' lang='lat' dir='ltr'>Trypho</span> <span class='ocrx_word' id='word_1_125' title='bbox 915 1938 1003 1995; x_wconf 15' lang='lat' dir='ltr'>*est</span> <span class='ocrx_word' id='word_1_126' title='bbox 1036 1934 1238 1977; x_wconf 84' lang='lat' dir='ltr'>omnino</span> <span class='ocrx_word' id='word_1_127' title='bbox 1273 1930 1329 1977; x_wconf 89' lang='lat' dir='ltr'>L.</span> <span class='ocrx_word' id='word_1_128' title='bbox 1365 1930 1563 1994; x_wconf 85' lang='lat' dir='ltr'>Reguli,</span> <span class='ocrx_word' id='word_1_129' title='bbox 1594 1929 1736 1976; x_wconf 83' lang='lat' dir='ltr'>fami-</span> 
     </span>
     <span class='ocr_line' id='line_1_21' title="bbox 244 1998 1735 2053; baseline -0.001 -9"><span class='ocrx_word' id='word_1_130' title='bbox 244 1998 489 2045; x_wconf 87' lang='lat' dir='ltr'>liarissimi</span> <span class='ocrx_word' id='word_1_131' title='bbox 516 2002 633 2053; x_wconf 88' lang='lat' dir='ltr'>mei,</span> <span class='ocrx_word' id='word_1_132' title='bbox 654 1998 894 2053; x_wconf 84' lang='lat' dir='ltr'>libertus;</span> <span class='ocrx_word' id='word_1_133' title='bbox 931 2001 1068 2044; x_wconf 87' lang='lat' dir='ltr'>cuius</span> <span class='ocrx_word' id='word_1_134' title='bbox 1094 1998 1352 2044; x_wconf 84' lang='lat' dir='ltr'>calamitas</span> <span class='ocrx_word' id='word_1_135' title='bbox 1379 2002 1533 2044; x_wconf 87' lang='lat' dir='ltr'>etiam</span> <span class='ocrx_word' id='word_1_136' title='bbox 1557 1998 1735 2044; x_wconf 86' lang='lat' dir='ltr'>officio-</span> 
     </span>
    </p>
   </div>
   <div class='ocr_carea' id='block_1_9' title="bbox 247 2176 1734 2559">
    <p class='ocr_par' dir='ltr' id='par_1_9' title="bbox 309 2176 1706 2229">
     <span class='ocr_line' id='line_1_22' title="bbox 309 2176 1706 2229; baseline -0.001 -10.964"><span class='ocrx_word' id='word_1_137' title='bbox 309 2178 455 2219; x_wconf 84' lang='lat' dir='ltr'>⁰One</span> <span class='ocrx_word' id='word_1_138' title='bbox 478 2179 529 2217; x_wconf 90' lang='lat' dir='ltr'>of</span> <span class='ocrx_word' id='word_1_139' title='bbox 546 2178 620 2218; x_wconf 90' lang='lat' dir='ltr'>the</span> <span class='ocrx_word' id='word_1_140' title='bbox 645 2177 877 2225; x_wconf 78' lang='lat' dir='ltr'>Peducaei,</span> <span class='ocrx_word' id='word_1_141' title='bbox 901 2176 1093 2229; x_wconf 83' lang='lat' dir='ltr'>adopted</span> <span class='ocrx_word' id='word_1_142' title='bbox 1119 2179 1210 2218; x_wconf 87' lang='lat' dir='ltr'>into</span> <span class='ocrx_word' id='word_1_143' title='bbox 1232 2177 1306 2218; x_wconf 90' lang='lat' dir='ltr'>the</span> <span class='ocrx_word' id='word_1_144' title='bbox 1330 2177 1512 2218; x_wconf 88' lang='lat' dir='ltr'>Curtian</span> <span class='ocrx_word' id='word_1_145' title='bbox 1535 2177 1706 2229; x_wconf 88' lang='lat' dir='ltr'>family.</span> 
     </span>
    </p>

    <p class='ocr_par' dir='ltr' id='par_1_10' title="bbox 247 2231 1734 2326">
     <span class='ocr_line' id='line_1_23' title="bbox 310 2231 1734 2283; baseline 0 -11"><span class='ocrx_word' id='word_1_146' title='bbox 310 2232 425 2273; x_wconf 91' lang='lat' dir='ltr'>M.</span> <span class='ocrx_word' id='word_1_147' title='bbox 459 2232 622 2272; x_wconf 87' lang='lat' dir='ltr'>ladius</span> <span class='ocrx_word' id='word_1_148' title='bbox 656 2232 826 2277; x_wconf 73' lang='lat' dir='ltr'>Gallus,</span> <span class='ocrx_word' id='word_1_149' title='bbox 861 2246 885 2271; x_wconf 90' lang='lat' dir='ltr'>a</span> <span class='ocrx_word' id='word_1_150' title='bbox 915 2236 1041 2283; x_wconf 80' lang='lat' dir='ltr'>great</span> <span class='ocrx_word' id='word_1_151' title='bbox 1070 2232 1213 2273; x_wconf 86' lang='lat' dir='ltr'>friend</span> <span class='ocrx_word' id='word_1_152' title='bbox 1248 2234 1299 2272; x_wconf 91' lang='lat' dir='ltr'>of</span> <span class='ocrx_word' id='word_1_153' title='bbox 1325 2233 1491 2279; x_wconf 82' lang='lat' dir='ltr'>Cicero,</span> <span class='ocrx_word' id='word_1_154' title='bbox 1522 2232 1620 2272; x_wconf 90' lang='lat' dir='ltr'>who</span> <span class='ocrx_word' id='word_1_155' title='bbox 1657 2231 1734 2272; x_wconf 91' lang='lat' dir='ltr'>ad-</span> 
     </span>
     <span class='ocr_line' id='line_1_24' title="bbox 247 2285 867 2326; baseline -0.002 0"><span class='ocrx_word' id='word_1_156' title='bbox 247 2285 425 2326; x_wconf 81' lang='lat' dir='ltr'>dressed</span> <span class='ocrx_word' id='word_1_157' title='bbox 447 2290 492 2326; x_wconf 88' lang='lat' dir='ltr'>to</span> <span class='ocrx_word' id='word_1_158' title='bbox 515 2286 605 2325; x_wconf 85' lang='lat' dir='ltr'>him</span> <span class='ocrx_word' id='word_1_159' title='bbox 628 2287 700 2326; x_wconf 85' lang='lat' dir='ltr'>vii.</span> <span class='ocrx_word' id='word_1_160' title='bbox 722 2288 794 2325; x_wconf 68' lang='lat'>23-</span> <span class='ocrx_word' id='word_1_161' title='bbox 799 2290 867 2326; x_wconf 59' lang='lat'>20.</span> 
     </span>
    </p>

    <p class='ocr_par' dir='ltr' id='par_1_11' title="bbox 248 2340 1733 2554">
     <span class='ocr_line' id='line_1_25' title="bbox 311 2340 1732 2391; baseline -0.001 -10.968"><span class='ocrx_word' id='word_1_162' title='bbox 311 2340 449 2380; x_wconf 73' lang='lat' dir='ltr'>⁰&#39;lhe</span> <span class='ocrx_word' id='word_1_163' title='bbox 480 2345 733 2391; x_wconf 87' lang='lat' dir='ltr'>customary</span> <span class='ocrx_word' id='word_1_164' title='bbox 766 2340 917 2390; x_wconf 89' lang='lat' dir='ltr'>public</span> <span class='ocrx_word' id='word_1_165' title='bbox 947 2344 1303 2380; x_wconf 83' lang='lat' dir='ltr'>announcement</span> <span class='ocrx_word' id='word_1_166' title='bbox 1333 2341 1385 2380; x_wconf 90' lang='lat' dir='ltr'>of</span> <span class='ocrx_word' id='word_1_167' title='bbox 1410 2353 1438 2379; x_wconf 85' lang='lat' dir='ltr'>a</span> <span class='ocrx_word' id='word_1_168' title='bbox 1469 2343 1645 2391; x_wconf 89' lang='lat' dir='ltr'>praetor</span> <span class='ocrx_word' id='word_1_169' title='bbox 1674 2352 1732 2379; x_wconf 89' lang='lat' dir='ltr'>on</span> 
     </span>
     <span class='ocr_line' id='line_1_26' title="bbox 249 2393 1733 2446; baseline 0 -12"><span class='ocrx_word' id='word_1_170' title='bbox 249 2397 449 2445; x_wconf 83' lang='lat' dir='ltr'>entering</span> <span class='ocrx_word' id='word_1_171' title='bbox 473 2394 612 2440; x_wconf 82' lang='lat' dir='ltr'>office.</span> <span class='ocrx_word' id='word_1_172' title='bbox 639 2395 682 2433; x_wconf 94' lang='lat' dir='ltr'>in</span> <span class='ocrx_word' id='word_1_173' title='bbox 710 2394 850 2433; x_wconf 84' lang='lat' dir='ltr'>which</span> <span class='ocrx_word' id='word_1_174' title='bbox 878 2394 931 2433; x_wconf 91' lang='lat' dir='ltr'>he</span> <span class='ocrx_word' id='word_1_175' title='bbox 956 2393 1162 2445; x_wconf 84' lang='lat' dir='ltr'>specified</span> <span class='ocrx_word' id='word_1_176' title='bbox 1187 2394 1261 2434; x_wconf 89' lang='lat' dir='ltr'>the</span> <span class='ocrx_word' id='word_1_177' title='bbox 1287 2393 1400 2434; x_wconf 86' lang='lat' dir='ltr'>rules</span> <span class='ocrx_word' id='word_1_178' title='bbox 1426 2393 1485 2446; x_wconf 87' lang='lat' dir='ltr'>by</span> <span class='ocrx_word' id='word_1_179' title='bbox 1513 2393 1653 2434; x_wconf 89' lang='lat' dir='ltr'>which</span> <span class='ocrx_word' id='word_1_180' title='bbox 1679 2393 1733 2434; x_wconf 87' lang='lat' dir='ltr'>he</span> 
     </span>
     <span class='ocr_line' id='line_1_27' title="bbox 249 2446 1731 2500; baseline 0 -14"><span class='ocrx_word' id='word_1_181' title='bbox 249 2447 394 2488; x_wconf 89' lang='lat' dir='ltr'>would</span> <span class='ocrx_word' id='word_1_182' title='bbox 433 2448 485 2488; x_wconf 91' lang='lat' dir='ltr'>be</span> <span class='ocrx_word' id='word_1_183' title='bbox 521 2447 686 2499; x_wconf 87' lang='lat' dir='ltr'>guided</span> <span class='ocrx_word' id='word_1_184' title='bbox 725 2450 768 2487; x_wconf 92' lang='lat' dir='ltr'>in</span> <span class='ocrx_word' id='word_1_185' title='bbox 807 2447 1144 2500; x_wconf 85' lang='lat' dir='ltr'>administering</span> <span class='ocrx_word' id='word_1_186' title='bbox 1174 2448 1346 2500; x_wconf 84' lang='lat' dir='ltr'>justice.</span> <span class='ocrx_word' id='word_1_187' title='bbox 1414 2446 1505 2487; x_wconf 88' lang='lat' dir='ltr'>Out</span> <span class='ocrx_word' id='word_1_188' title='bbox 1542 2448 1593 2488; x_wconf 85' lang='lat' dir='ltr'>of</span> <span class='ocrx_word' id='word_1_189' title='bbox 1623 2446 1731 2486; x_wconf 91' lang='lat' dir='ltr'>such</span> 
     </span>
     <span class='ocr_line' id='line_1_28' title="bbox 248 2498 1730 2559; baseline 0.001 -18"><span class='ocrx_word' id='word_1_190' title='bbox 248 2501 384 2541; x_wconf 88' lang='lat' dir='ltr'>edicts</span> <span class='ocrx_word' id='word_1_191' title='bbox 410 2516 496 2541; x_wconf 86' lang='lat' dir='ltr'>was</span> <span class='ocrx_word' id='word_1_192' title='bbox 520 2500 689 2542; x_wconf 88' lang='lat' dir='ltr'>evoked</span> <span class='ocrx_word' id='word_1_193' title='bbox 714 2515 771 2541; x_wconf 83' lang='lat' dir='ltr'>an</span> <span class='ocrx_word' id='word_1_194' title='bbox 796 2504 1035 2554; x_wconf 86' lang='lat' dir='ltr'>important</span> <span class='ocrx_word' id='word_1_195' title='bbox 1059 2506 1157 2552; x_wconf 88' lang='lat' dir='ltr'>part</span> <span class='ocrx_word' id='word_1_196' title='bbox 1180 2503 1230 2541; x_wconf 83' lang='lat' dir='ltr'>os</span> <span class='ocrx_word' id='word_1_197' title='bbox 1247 2501 1320 2542; x_wconf 86' lang='lat' dir='ltr'>the</span> <span class='ocrx_word' id='word_1_198' title='bbox 1343 2500 1464 2553; x_wconf 82' lang='lat' dir='ltr'>body</span> <span class='ocrx_word' id='word_1_199' title='bbox 1486 2501 1538 2559; x_wconf 81' lang='lat' dir='ltr'>of</span> <span class='ocrx_word' id='word_1_200' title='bbox 1557 2498 1730 2542; x_wconf 85' lang='lat' dir='ltr'>Roman</span> 
     </span>
    </p>
   </div>
   <div class='ocr_carea' id='block_1_10' title="bbox 249 2555 344 2595">
    <p class='ocr_par' dir='ltr' id='par_1_12' title="bbox 249 2555 344 2595">
     <span class='ocr_line' id='line_1_29' title="bbox 249 2555 344 2595; baseline -0.012 0"><span class='ocrx_word' id='word_1_201' title='bbox 249 2555 344 2595; x_wconf 86' lang='lat' dir='ltr'>law</span> 
     </span>
    </p>
   </div>
   <div class='ocr_carea' id='block_1_11' title="bbox 251 2625 340 2666">
    <p class='ocr_par' dir='ltr' id='par_1_13' title="bbox 251 2625 340 2666">
     <span class='ocr_line' id='line_1_30' title="bbox 251 2625 340 2666; baseline 0 0"><span class='ocrx_word' id='word_1_202' title='bbox 251 2625 340 2666; x_wconf 79' lang='lat'>140</span> 
     </span>
    </p>
   </div>
  </div>
 </body>
</html>
