1837 3029
860 169 1113 218 CICERO

238 298 278 343 is
301 304 542 359 exponet,
559 301 643 361 qui
665 306 719 346 et
735 302 926 362 optime
944 303 1111 347 omnia
1128 303 1267 347 novit
1287 306 1342 347 et
1358 300 1735 364 elegantissime

240 379 480 440 expedire
513 387 566 426 et
600 380 797 426 deferre
833 381 896 427 ad
930 388 982 428 te
1017 383 1230 444 potest?
1281 398 1402 429 cave
1437 385 1571 428 enim
1606 385 1735 429 exis-

239 463 407 516 times,
436 460 969 526 Brute—quamquam
999 480 1098 510 non
1128 480 1332 510 necesse
1363 471 1441 511 est
1470 480 1530 511 ea
1558 480 1640 510 me
1670 463 1734 510 ad

241 548 311 597 te,
352 560 482 605 quae
528 545 618 589 tibi
667 552 784 591 nota
825 552 959 601 sunt,
999 546 1233 601 scribere,
1272 545 1361 592 sed
1406 553 1580 592 tamen
1623 552 1734 592 tan-

240 630 347 669 tam
373 629 596 671 omnium
629 626 832 673 laudum
859 627 1212 674 excellentiam
1243 644 1342 674 non
1375 644 1505 690 queo
1535 627 1734 674 silentio

240 710 598 767 praeterire—,
636 725 756 755 cave
796 717 944 771 putes
982 710 1238 771 probitate
1277 713 1579 765 constantia,
1615 724 1734 754 cura

240 788 406 834 studio
432 793 503 835 rei
534 790 764 852 publicae
796 791 1072 854 quidquam
1103 791 1171 837 illi
1206 808 1314 838 esse
1341 791 1518 846 simile,
1549 797 1606 837 ut
1635 790 1735 837 elo·

241 874 450 932 quentia
483 888 582 935 qua
615 873 910 919 mirabiliter
941 873 1159 929 excellit,
1186 877 1266 920 vix
1299 877 1349 919 in
1383 889 1442 920 eo
1474 873 1637 920 locum
1670 871 1733 918 ad

241 950 550 1000 laudandum
585 953 773 1001 habere
809 955 1055 1011 videatur,
1087 973 1395 1019 quamquam
1425 959 1476 1002 in
1505 954 1598 1001 hac
1627 957 1735 1017 ipsa

240 1037 489 1096 sapientia
511 1036 619 1098 plus
638 1045 848 1098 apparet
869 1055 877 1083 :
903 1041 974 1084 ita
991 1041 1129 1101 gravi
1147 1038 1327 1084 iudicio
1345 1037 1606 1100 multaque
1624 1042 1733 1082 arte

240 1131 293 1161 se
315 1121 539 1164 exercuit
562 1122 610 1164 in
634 1123 886 1165 verissimo
907 1136 1094 1183 genere
1115 1120 1329 1166 dicendi.
1374 1119 1539 1166 Tanta
1560 1125 1733 1165 autem

240 1198 484 1246 industria
523 1207 600 1247 est
637 1208 942 1264 tantumque
987 1202 1192 1265 evigilat
1231 1205 1280 1248 in
1317 1202 1502 1257 studio,
1541 1208 1596 1247 ut
1634 1215 1733 1246 non

239 1284 460 1328 maxima
485 1286 706 1346 ingenio,
733 1284 867 1346 quod
895 1287 944 1330 in
971 1300 1030 1330 eo
1057 1301 1310 1330 summum
1337 1292 1432 1340 est,
1458 1286 1622 1347 gratia
1648 1281 1733 1328 ha-

191 1368 215 1406 2
240 1363 406 1409 benda
438 1364 682 1412 videatur.
753 1365 852 1412 Sed
879 1365 1125 1428 provehor
1155 1382 1356 1413 amore:
1393 1382 1492 1412 non
1519 1368 1653 1411 enim
1684 1364 1732 1410 id

241 1450 552 1507 propositum
579 1455 656 1494 est
682 1447 796 1494 huic
824 1449 1088 1510 epistulae,
1113 1448 1404 1494 Messallam
1431 1454 1487 1494 ut
1512 1446 1733 1495 laudem.

242 1532 536 1589 praesertim
567 1529 629 1576 ad
658 1529 888 1585 Brutum,
917 1534 995 1576 cui
1024 1538 1075 1577 et
1105 1534 1258 1576 virtus
1287 1530 1414 1576 illius
1443 1545 1542 1575 non
1569 1531 1732 1574 minus

241 1626 392 1672 quam
420 1610 542 1657 mihi
571 1619 691 1658 nota
720 1619 797 1658 est
827 1620 879 1659 et
908 1612 1031 1658 haec
1059 1616 1165 1676 ipsa
1194 1613 1378 1668 studia,
1407 1628 1537 1675 quae
1564 1609 1732 1664 laudo,

240 1695 434 1738 notiora
459 1709 469 1749 ;
514 1711 666 1756 quem
692 1711 806 1740 cum
833 1712 861 1741 a
888 1712 968 1740 me
996 1695 1257 1741 dimittens
1284 1698 1505 1758 graviter
1529 1692 1732 1746 ferrem,

239 1772 331 1819 hoc
367 1774 570 1822 levabar
607 1793 722 1831 uno,
759 1777 894 1839 quod
930 1777 993 1823 ad
1029 1784 1082 1823 te
1118 1783 1380 1839 tamquam
1417 1776 1480 1822 ad
1516 1775 1731 1822 alterum

239 1872 320 1901 me
345 1857 658 1918 proficiscens
685 1865 737 1904 et
761 1860 916 1904 officio
941 1858 1250 1921 fungebatur
1275 1866 1325 1904 et
1350 1857 1552 1904 laudem
1576 1859 1732 1902 maxi-

192 1944 215 1983 3
242 1955 373 1983 mam
400 1941 724 2002 sequebatur.
796 1939 894 1986 Sed
927 1940 1050 1986 haec
1079 1939 1340 1986 hactenus.
1411 1939 1569 1985 Venio
1600 1954 1730 1984 nunc

239 2019 386 2082 longo
429 2038 549 2067 sane
598 2022 860 2068 intervallo
905 2023 969 2068 ad
1019 2022 1272 2085 quandam
1309 2021 1595 2084 epistulam,
1630 2037 1729 2083 qua

238 2101 357 2148 mihi
395 2103 554 2149 multa
591 2105 817 2150 tribuens
856 2121 1011 2150 unum
1047 2103 1472 2166 reprehendebas,
1510 2102 1643 2165 quod
1679 2105 1730 2148 in

238 2182 505 2230 honoribus
528 2185 856 2232 decernendis
879 2203 1040 2231 essem
1063 2189 1242 2231 nimius
1265 2192 1317 2232 et
1337 2193 1599 2248 tamquam
1620 2200 1730 2246 pro-

237 2265 396 2326 digus.
467 2267 541 2312 Tu
575 2265 702 2314 hoc:
751 2267 873 2313 alius
908 2267 1138 2322 fortasse,
1168 2267 1302 2330 quod
1338 2270 1388 2313 in
1418 2266 1730 2313 animadver-

235 2349 373 2393 sione
401 2364 666 2411 poenaque
688 2348 872 2405 durior,
893 2353 984 2394 nisi
1012 2348 1142 2395 forte
1170 2356 1442 2411 utrumque
1468 2355 1557 2404 tu3
1593 2347 1726 2410 quod

831 2536 849 2555 ⁰
884 2529 1031 2569 Letter
1054 2529 1133 2571 XI.

232 2600 325 2641 704
