1837 3029
842 185 1092 232 CICERO

224 315 604 361 officiosissimus
626 315 833 369 Sestius,
855 321 925 368 ct,
946 330 1108 375 spero,
1129 313 1323 366 Curius,
1348 309 1489 365 Milo,
1512 308 1710 363 Fadius,

230 385 499 439 Fabricius,
540 385 628 430 sed
672 384 813 429 valde
857 385 1154 430 adversante
1197 382 1387 436 Clodio,
1429 383 1514 443 qui
1556 383 1709 427 etiam

229 458 452 517 privatus
493 455 670 501 eadem
712 471 862 499 manu
904 457 1091 515 poterit
1129 456 1387 498 contiones
1427 453 1711 504 concitare3

181 533 207 571 4
231 526 413 573 deinde
477 529 629 572 etiam
691 528 988 570 interccswr
1049 524 1321 584 parabitur.
1391 522 1532 568 Haec
1591 520 1711 567 mihi

231 597 561 658 proficiscenti
607 612 705 641 non
749 595 1176 656 proponebantur,
1220 593 1308 640 sed
1352 609 1504 656 saepe
1547 592 1714 638 triduo

232 684 427 713 summa
475 684 586 712 cum
635 665 791 729 gloria
840 665 1041 711 dicebar
1091 679 1198 710 esse
1245 663 1512 710 rediturus.
1580 660 1714 719 Quid

234 743 290 783 tu
331 737 523 800 igitur?
583 739 791 800 inquies.
925 734 1098 792 Quid?
1158 733 1317 779 multa
1356 738 1716 786 convenerunt,

235 823 365 870 quae
410 814 634 853 mentem
681 806 1011 852 exturbarent
1056 804 1456 850 meam—subita
1497 801 1717 850 defectio

237 876 462 940 Pompei,
489 877 725 923 alienatio
751 875 1027 929 consulum,
1055 877 1210 920 ctiam
1235 880 1543 936 praetorum,
1569 875 1718 919 timor

236 948 631 1011 publicanorum,
691 965 842 994 arma.
913 946 1171 992 Lacrimae
1229 961 1456 991 meorum
1513 959 1597 990 me
1656 941 1719 988 ad

237 1027 452 1066 mortem
487 1023 558 1065 ire
595 1018 976 1081 prohibuerunt,
1013 1016 1147 1078 quod
1182 1022 1320 1062 certe
1368 1022 1422 1062 et:
1468 1015 1532 1062 ad
1567 1013 1720 1060 hone-

237 1097 425 1136 statem
463 1097 516 1136 et
552 1090 615 1136 ad
653 1088 962 1151 effugiendos
1010 1086 1349 1133 intolerabiles
1396 1085 1590 1133 dolores
1624 1082 1721 1130 fuit

238 1164 567 1222 aptissimum.
637 1159 736 1205 Sed
761 1159 824 1205 de
850 1158 941 1204 hoc
967 1161 1136 1219 scripsi
1162 1157 1226 1203 ad
1250 1164 1303 1203 te
1327 1159 1378 1202 in
1405 1172 1466 1203 ea
1490 1153 1722 1218 epistula,

239 1248 391 1293 quam
412 1229 717 1276 Phaethonti
738 1229 869 1275 dedi.
939 1229 1083 1274 Nunc
1103 1235 1177 1282 tu,
1196 1230 1432 1290 quoniam
1451 1231 1503 1273 in
1521 1233 1722 1273 tantum

239 1301 430 1348 luctum
462 1309 514 1348 et
543 1301 766 1347 laborem
797 1300 1029 1346 detrusus
1061 1315 1131 1353 es,
1161 1305 1407 1361 quantum
1439 1313 1587 1344 nemo
1618 1313 1722 1343 um-

240 1389 410 1435 quam,
449 1375 488 1418 si
528 1371 750 1417 relevare
789 1377 933 1432 potes
972 1385 1290 1414 communem
1329 1385 1498 1414 casum
1536 1369 1724 1413 miseri-

240 1443 407 1489 cordia
454 1441 729 1496 hominum,
776 1440 964 1486 scilicet
1021 1439 1310 1486 incredibile
1364 1438 1604 1501 quiddam
1651 1454 1724 1484 as-

241 1516 494 1576 sequeris3
539 1516 613 1558 sin
657 1511 805 1574 plane
850 1512 1137 1567 occidimus,
1162 1511 1264 1574 (me
1300 1513 1538 1556 miserum
1561 1509 1593 1571 !)
1631 1525 1725 1572 ego

241 1584 471 1630 omnibus
497 1587 621 1629 meis
649 1586 803 1629 exitio
829 1581 988 1637 fuero,
1015 1583 1195 1644 quibus
1222 1588 1341 1627 ante
1367 1581 1601 1627 dedecori
1628 1597 1725 1627 non

192 1661 217 1699 6
243 1669 394 1699 eram.
463 1652 563 1699 Sed
589 1661 661 1707 tu,
687 1660 744 1699 ut
769 1661 887 1699 ante
913 1653 976 1698 ad
1003 1659 1053 1698 te
1079 1654 1266 1713 scripsi,
1291 1655 1517 1714 perspice
1541 1667 1647 1698 rem
1674 1659 1727 1697 et

240 1730 495 1785 pertenta,
524 1730 577 1769 et
605 1724 668 1770 ad
696 1740 794 1777 me,
822 1730 879 1769 ut
908 1730 1136 1784 tempora
1163 1728 1350 1776 nostra,
1377 1739 1478 1768 non
1505 1728 1563 1768 ut
1591 1739 1728 1768 amor

243 1802 359 1841 tuus
387 1793 503 1848 fert,
532 1809 645 1840 vere
673 1795 938 1855 perscribe.
1008 1793 1117 1855 Ego
1145 1795 1317 1847 vitam,
1344 1793 1510 1854 quoad
1537 1794 1727 1855 putabo

243 1871 330 1911 tua
356 1868 617 1918 interesse,
642 1871 729 1910 aut
755 1865 817 1910 ad
842 1881 982 1926 spem
1008 1863 1304 1910 servandam
1330 1878 1456 1917 esse,
1480 1864 1725 1909 retinebo.

243 1935 316 1981 Tu
343 1935 482 1980 nobis
507 1936 858 1979 amicissimum
882 1934 1100 1979 Sestium
1124 1949 1392 1996 cognosces
1416 1948 1427 1988 ;
1467 1934 1616 1980 credo
1640 1941 1729 1980 tua

241 2021 391 2052 causa
424 2003 549 2050 velle
585 2003 876 2058 Lentulum,
909 2006 992 2066 qui
1028 2005 1124 2049 erit
1156 2002 1341 2049 consul.
1408 2002 1726 2068 Quamquam

307 2189 324 2208 ⁰
358 2184 551 2235 Perhaps
585 2184 658 2223 the
697 2184 760 2223 M.
798 2183 955 2223 Curius
986 2183 1083 2222 who
1113 2196 1201 2223 was
1231 2188 1436 2234 quaestor
1474 2185 1516 2223 in
1553 2187 1599 2224 61
1640 2185 1728 2225 and

248 2238 422 2278 tribune
443 2240 492 2278 of
508 2238 581 2278 the
603 2238 726 2289 plebs
747 2240 789 2277 in
813 2241 880 2277 57.
942 2238 1024 2278 See.
1047 2239 1168 2277 Fam.
1191 2239 1279 2277 xiii.
1301 2241 1353 2278 49
1377 2238 1466 2278 and
1490 2238 1626 2278 Index
1652 2240 1709 2279 ΙΙ.

311 2292 325 2315 ⁶
359 2294 440 2332 See
471 2293 593 2332 Fam.
626 2307 664 2331 v.
703 2295 764 2331 18.
827 2292 924 2332 One
954 2293 1003 2331 of
1038 2291 1110 2331 the
1145 2292 1341 2331 tribunes
1372 2292 1469 2332 who
1499 2293 1728 2343 promote-d

252 2345 441 2387 Cicero's
463 2346 605 2385 recall.

312 2405 326 2423 ⁶
361 2400 459 2438 Piso
487 2399 573 2439 and
605 2399 837 2443 Gabinius,
862 2398 958 2438 who
982 2412 1091 2438 were
1111 2402 1157 2438 at
1183 2398 1290 2444 first,
1312 2412 1361 2438 or
1387 2398 1559 2439 seemed
1589 2404 1633 2440 to
1661 2400 1729 2447 be,

249 2453 439 2548 {nctlii'ned
474 2458 519 2493 to
549 2453 744 2493 bcfriend
778 2453 944 2499 Cicero,
975 2453 1053 2492 but.
1082 2452 1338 2492 afterwards
1368 2452 1548 2494 became
1577 2453 1730 2495 hostile

268 2521 295 2548 o
349 2522 422 2548 im.

254 2576 350 2621 472
