1837 3029
860 161 1111 209 CICERO

189 299 215 338 δ
305 291 454 349 Quod
493 293 662 338 scribis
701 298 753 337 te
798 291 861 337 ad
900 291 1125 337 Tertiam
1162 307 1382 337 sororem
1422 298 1477 337 et
1513 296 1730 337 matrem

239 383 509 441 scripsisse,
531 386 587 425 ut
613 395 676 424 ne
699 382 832 440 prius
861 379 1072 424 ederent
1099 394 1175 434 ea,
1197 395 1326 441 quac
1348 385 1493 441 gesta
1514 394 1542 424 a
1562 377 1731 425 Cassio

239 474 426 522 essent,
447 483 597 529 quam
626 465 745 511 mihi
772 469 931 512 visum
958 473 1109 521 esset,
1129 466 1274 513 video
1299 473 1353 513 te
1381 469 1596 513 veritum
1623 481 1731 512 esse

239 555 306 609 id,
338 554 471 617 quod
505 554 779 600 verendum
813 552 925 609 fuit,
957 570 1020 600 ne
1052 557 1203 600 animi
1235 557 1456 616 partium
1486 552 1730 608 Caesaris,

238 642 489 705 quomodo
517 645 672 689 etiam
697 658 829 687 nunc
849 648 1018 704 partes
1046 642 1382 704 appellantur,
1402 640 1732 688 vehementer

237 736 688 776 commoverentur.
767 728 868 776 Sed
910 736 1029 776 ante
1071 746 1222 792 quam
1263 737 1376 776 tuas
1415 729 1611 776 litteras
1651 745 1729 775 ac-

236 821 478 879 cepimus,
518 817 693 864 audita
734 834 813 864 res
857 824 966 864 erat
1008 824 1061 864 et
1101 817 1417 881 pervulgata,
1457 820 1532 864 tui
1574 820 1728 864 etiam

237 905 486 952 tabellarii
503 905 567 951 ad
587 905 770 951 multos
791 904 1060 952 familiares
1084 911 1198 952 tuos
1214 905 1410 952 litteras
1432 905 1728 952 attulerant.

237 993 350 1052 Qua
374 1009 428 1040 re
454 1009 620 1056 neque
647 993 1006 1056 supprimenda
1030 1010 1109 1040 res
1137 1000 1264 1049 erat,
1290 996 1589 1056 praesertim
1614 1009 1728 1039 cum

236 1081 287 1128 id
314 1081 419 1127 fieri
445 1098 544 1127 non
565 1088 752 1144 posset,
772 1097 957 1144 neque,
977 1084 1017 1128 si
1042 1088 1231 1144 posset,
1251 1097 1351 1128 non
1371 1080 1728 1145 divulgandam

187 1176 212 1215 6
236 1172 402 1231 potius
434 1186 586 1231 quam
617 1169 967 1215 occultandam
997 1176 1307 1231 putaremus.
1379 1170 1459 1216 De
1487 1169 1727 1215 Cicerone

237 1273 350 1303 meo
378 1263 447 1311 et,
468 1260 507 1302 si
534 1264 736 1303 tantum
764 1264 842 1303 est
869 1260 918 1302 in
946 1274 1022 1313 eo,
1044 1264 1292 1320 quantum
1317 1259 1504 1310 scribis,
1525 1263 1726 1303 tantum

234 1344 440 1399 scilicet,
478 1352 725 1407 quantum
762 1344 942 1400 debeo,
979 1345 1196 1407 gaudeo,
1234 1352 1286 1391 et
1323 1348 1379 1400 si,
1417 1345 1552 1408 quod
1589 1361 1726 1391 amas

234 1449 368 1487 eum,
396 1449 455 1478 eo
482 1435 668 1478 maiora
694 1431 834 1488 facis,
861 1433 910 1479 id
937 1436 1099 1495 ipsum
1126 1433 1485 1479 incredibiliter
1509 1433 1726 1496 gaudeo,

235 1536 266 1568 a
289 1527 342 1566 te
368 1537 484 1566 eum
509 1519 662 1584 diligi.

854 1732 897 1777 v
934 1732 1021 1794 (ΙΙ.
1061 1733 1108 1794 5)

624 1876 678 1907 M.
716 1877 889 1907 CICERO
924 1876 961 1908 S.
999 1877 1046 1908 D.
1085 1877 1137 1908 Μ.
1177 1877 1339 1908 BRUTO

764 1969 946 2016 Romae,
972 1984 1101 2010 Α.ιτ.(“.
1127 1973 1200 2010 711

188 2073 206 2112 1
299 2066 443 2124 Quae
473 2066 674 2113 litterae
705 2073 793 2112 tuo
824 2070 1024 2112 nomine
1055 2069 1299 2113 recitatae
1329 2069 1429 2113 sint
1460 2065 1533 2112 Id.
1568 2066 1724 2129 April.

234 2157 284 2200 in
321 2162 500 2200 senatu
539 2154 819 2217 eodemque
857 2161 1086 2216 tempore
1125 2155 1350 2209 Antonii,
1387 2154 1536 2201 credo
1573 2155 1637 2201 ad
1673 2162 1726 2201 te

234 2245 484 2303 scripsisse
527 2249 657 2297 tuos,
701 2258 912 2304 quorum
955 2258 1050 2304 ego
1092 2245 1280 2288 nemini
1321 2242 1577 2298 concedo3
1636 2242 1725 2288 sed

233 2329 353 2375 nihil
380 2345 585 2375 necesse
614 2336 723 2375 erat
750 2329 929 2375 eadem
956 2346 1147 2385 omnes,
1172 2329 1294 2376 illud
1320 2345 1525 2377 necesse
1551 2346 1634 2376 me
1662 2330 1725 2376 ad

232 2424 284 2463 te
309 2418 542 2471 scribere,
567 2417 686 2479 quid
710 2421 951 2463 sentirem
975 2424 1084 2463 tota
1108 2417 1171 2464 de
1194 2420 1556 2464 constitutione
1578 2417 1724 2464 huius

231 2505 347 2551 belli
377 2512 427 2551 et
456 2521 553 2567 quo
581 2504 761 2550 iudicio
790 2521 950 2550 essem
979 2522 1180 2567 quaque
1208 2508 1479 2552 sententia.
1539 2505 1722 2551 Volun-

229 2587 322 2629 636
