1868 3040
867 201 1119 250 CICERO

967 326 1018 373 II

745 449 920 480 CICERO
956 449 1164 480 MEMMIO
1197 448 1236 480 S.

694 539 954 588 Laodiceae,
976 540 1030 592 (?)
1054 554 1184 580 A.u.c.
1208 541 1305 581 704.

311 636 367 684 C.
394 636 590 683 Aviano
617 635 868 690 Evandro,
895 638 979 697 qui
1006 633 1205 681 habitat
1231 638 1281 680 in
1309 641 1398 681 tuo
1424 637 1655 691 sacrario,
1681 642 1736 683 et

246 706 355 765 ipso
390 703 606 748 multum
645 709 776 758 utor,
814 708 867 748 et
902 708 1115 763 patrono
1154 705 1258 747 eius
1299 701 1372 748 M.
1412 701 1628 748 Aemilio
1662 701 1734 748 fa-

248 770 592 816 miliarissime.
663 767 789 814 Peto
821 771 976 830 igitur
1009 785 1038 814 a
1067 775 1119 815 te
1152 772 1203 814 in
1236 772 1474 814 maiorem
1510 769 1733 826 modum,

248 837 384 900 quod
411 840 517 882 sine
548 844 637 882 tua
665 835 897 882 molestia
925 835 1031 890 fiat,
1059 842 1117 881 ut
1147 838 1192 881 ei
1221 835 1284 881 de
1313 834 1628 882 habitatione
1657 852 1735 882 ac-

245 903 548 950 commodes.
618 902 748 947 Nam
806 909 1014 964 propter
1071 918 1225 963 opera
1280 905 1517 948 instituta
1573 902 1735 950 multa

246 970 520 1016 multorum
569 969 792 1015 subitum
844 976 922 1015 est
972 972 1018 1015 ei
1067 971 1340 1031 remigrare
1394 968 1505 1014 Kal.
1557 968 1732 1027 Quint.

248 1037 503 1099 Impedior
535 1036 854 1091 verecundia,
888 1051 951 1081 ne
985 1042 1038 1082 te
1071 1035 1296 1097 pluribus
1329 1035 1492 1082 verbis
1524 1051 1733 1099 rogem3

247 1120 414 1166 neque
460 1110 635 1149 tamen
681 1103 876 1157 dubito,
924 1105 1062 1165 quin,
1107 1105 1147 1149 si
1195 1109 1285 1148 tua
1331 1101 1452 1147 nihil
1499 1109 1588 1148 aut
1633 1119 1734 1149 non

245 1170 464 1218 multum
488 1172 705 1226 intersit,
731 1186 790 1216 eo
815 1173 879 1215 sis
906 1172 1072 1215 animo
1097 1185 1197 1232 quo
1223 1185 1318 1232 ego
1344 1185 1524 1223 essem,
1549 1172 1588 1214 si
1613 1169 1733 1232 quid

247 1251 303 1285 tu
328 1253 411 1283 me
434 1252 652 1300 rogares,
724 1235 852 1282 Mihi
876 1244 1014 1282 certe
1037 1239 1378 1299 gratissimum
1401 1234 1595 1282 feceris.

951 1455 1030 1502 III

578 1574 657 1612 ’Μ.
693 1579 738 1611 Τ.
776 1580 815 1610 c.
853 1579 889 1611 S.
928 1579 971 1611 P.
1009 1579 1056 1610 D.
1093 1579 1133 1610 C.
1171 1578 1380 1610 MEMMIO

690 1670 949 1718 Laodiceae,
971 1671 1025 1723 (Ρ)
1048 1685 1180 1712 A.U.C.
1203 1674 1299 1712 704..

310 1767 373 1815 A.
419 1766 634 1822 Fufium,
678 1782 834 1812 unum
879 1782 941 1811 ex
985 1769 1109 1812 meis
1152 1768 1358 1821 intimis,
1401 1765 1735 1812 observantis-

247 1838 427 1881 simum
453 1834 972 1895 studiosissimumque
1000 1836 1173 1888 nostri,
1199 1833 1453 1879 eruditum
1479 1831 1734 1879 hominem

249 1909 302 1948 et
330 1918 526 1947 summa
554 1900 872 1946 humanitate
902 1906 1092 1962 tuaque
1123 1903 1342 1946 amicitia
1370 1900 1734 1963 dignissimum,

246 1968 396 2016 velim
441 1971 514 2014 ita
559 1974 764 2022 tractes,
810 1974 868 2012 ut
913 1965 1034 2012 mihi
1079 1983 1245 2012 coram
1291 1970 1541 2028 recepisti.
1608 1966 1733 2012 Tam

245 2042 449 2099 gratum
469 2033 587 2080 mihi
608 2035 659 2080 id
679 2038 791 2088 erit,
811 2050 962 2095 quam
983 2034 1118 2096 quod
1136 2036 1491 2096 gratissimum.
1562 2033 1733 2096 Ipsum

245 2109 514 2165 praeterea
547 2118 742 2147 summo
777 2103 934 2147 officio
971 2108 1023 2147 et
1058 2117 1255 2146 summa
1288 2101 1609 2147 observantia
1641 2101 1733 2147 tibi

244 2173 297 2216 in
319 2175 625 2232 perpetuum
650 2168 948 2214 devinxeris.

308 2291 327 2310 ⁰
357 2285 397 2324 A
428 2284 659 2324 freedman
692 2286 743 2324 of
775 2285 839 2324 M.
876 2284 1090 2324 Aemilius
1123 2285 1339 2324 Avianius
1371 2284 1479 2335 (xiii.
1512 2283 1601 2332 27).
1664 2283 1734 2323 He

250 2351 339 2402 was
363 2352 391 2378 a
413 2338 737 2419 distinguished
762 2338 971 2389 sculptor,
998 2338 1086 2377 and
1113 2338 1265 2378 Cicero
1291 2337 1378 2377 had
1403 2337 1604 2389 dealings
1628 2336 1733 2378 with

250 2393 341 2470 hug]
360 2392 692 2485 gsiaiiigiislzvas
722 2445 956 2496 permitted
988 2445 1049 2496 by
1085 2446 1324 2484 Memmius
1354 2448 1399 2484 to
1431 2443 1553 2484 work
1586 2445 1629 2483 in
1659 2445 1733 2486 the

250 2499 397 2540 shrine
415 2502 458 2539 in
481 2500 620 2539 which
639 2500 712 2539 the
736 2499 937 2538 Memmii
955 2499 1202 2538 celebrated
1221 2499 1334 2538 their
1350 2512 1475 2539 sacra
1490 2498 1732 2556 yentilicia.

309 2560 323 2579 ⁰
357 2553 558 2605 Nothing
580 2566 700 2593 more
721 2555 755 2593 is
779 2552 941 2593 known
964 2554 1014 2593 of
1029 2553 1115 2592 this
1138 2567 1256 2594 man.

260 2623 319 2663 14
