1868 3040
882 198 1134 246 CICERO

261 345 364 376 non
394 328 469 376 his
500 330 652 376 modo
681 332 859 384 causis,
888 345 1019 391 quae
1052 330 1271 390 speciem
1305 326 1499 376 habent
1532 340 1750 390 magnae

261 413 642 465 coniunctionis,
685 410 775 456 sed
817 412 874 455 iis
920 412 1092 465 etiam,
1137 424 1267 472 quae
1311 407 1654 454 familiaritate
1697 410 1751 452 et

261 490 627 536 consuetudine
687 496 946 545 tenentur,
991 506 1144 552 quam
1187 492 1280 535 scis
1324 487 1445 535 mihi
1501 486 1751 534 iucundis-

261 574 439 617 simam
476 587 591 617 cum
628 578 773 632 patre
812 578 901 616 tuo
941 577 994 617 et
1031 586 1279 616 summam
1317 568 1484 615 fuisse.
1558 569 1639 614 Ab
1677 566 1750 613 his

262 654 414 697 initiis
457 658 628 697 noster
669 654 719 696 in
759 658 811 697 te
848 667 986 696 arnor
1019 649 1275 712 profectus
1311 653 1454 696 auxit
1486 656 1751 711 paternam

260 732 703 785 necessitudinem,
757 737 810 777 et
864 747 924 777 eo
976 734 1154 793 magis,
1208 731 1343 793 quod
1396 729 1641 784 intellexi,
1694 735 1751 774 ut

258 815 475 875 primum
498 828 588 874 per
611 819 837 858 aetatem
859 811 1097 857 iudicium
1120 810 1286 857 facere
1310 813 1551 872 potueris,
1575 812 1751 872 quanti

260 895 473 955 quisque
522 893 613 938 tibi
662 890 924 938 faciendus
972 898 1123 946 esset,
1172 908 1253 937 me
1304 908 1333 936 a
1381 897 1434 937 te
1482 894 1534 936 in
1581 893 1751 952 primis

259 980 498 1035 coeptum
529 989 637 1018 esse
668 973 938 1028 observari,
968 971 1079 1027 coli,
1109 971 1263 1035 diligi.
1327 970 1624 1017 Accedebat
1652 986 1752 1016 non

259 1053 512 1100 mediocre
545 1053 798 1099 vinculum
830 1069 945 1099 cum
977 1052 1276 1108 studiorum,
1310 1051 1446 1114 quod
1477 1054 1642 1114 ipsum
1674 1057 1754 1098 est

261 1150 353 1196 per
372 1150 425 1179 se
440 1149 611 1197 grave,
627 1140 739 1180 tum
761 1149 935 1179 eorum
950 1133 1232 1180 studiorum
1251 1148 1527 1195 earumque
1550 1134 1752 1188 artium,

261 1230 393 1277 quae
430 1230 522 1276 per
558 1230 612 1260 se
650 1217 789 1276 ipsae
830 1229 932 1269 eos,
972 1217 1057 1276 qui
1095 1213 1358 1260 voluntate
1399 1213 1580 1259 eadem
1617 1218 1753 1267 sunt,

212 1304 238 1343 2
265 1298 420 1341 etiam
459 1293 804 1341 familiaritate
847 1294 1154 1341 devinciunt.
1230 1293 1542 1356 Exspectare
1584 1299 1638 1340 te
1679 1309 1754 1339 ar-

263 1376 438 1431 bitror,
452 1374 578 1422 haec
594 1382 702 1422 tam
720 1374 870 1438 longe
889 1378 1112 1437 repetita
1125 1377 1370 1437 principia
1385 1391 1484 1437 quo
1503 1380 1754 1436 spectent.

266 1456 327 1504 Id
362 1459 580 1518 primum
617 1472 738 1519 ergo
775 1455 981 1511 habeto,
1018 1472 1119 1502 non
1155 1459 1262 1501 sine
1299 1471 1486 1518 magna
1520 1458 1754 1517 iustaque

265 1553 417 1584 causa
457 1536 586 1583 hanc
629 1553 659 1583 a
699 1553 782 1583 me
824 1540 1357 1583 commemorationem
1399 1551 1509 1582 esse
1549 1534 1753 1584 factam.

267 1618 322 1665 G.
361 1619 514 1664 Ateio
553 1617 801 1680 Capitone
839 1624 954 1664 utor
989 1616 1388 1663 familiarissime.
1461 1616 1626 1664 Notae
1663 1616 1756 1663 tibi

267 1706 386 1745 sunt
411 1701 682 1745 varietates
708 1715 935 1744 meorum
961 1705 1263 1760 temporum.
1325 1697 1384 1744 In
1409 1700 1545 1744 omni
1567 1713 1756 1762 genere

269 1787 323 1826 et
350 1779 595 1826 honorum
625 1786 678 1825 et
705 1779 933 1825 laborum
961 1796 1190 1825 meorum
1219 1786 1272 1826 et
1301 1782 1496 1826 animus
1524 1785 1579 1826 et
1604 1794 1759 1841 opera

269 1868 324 1908 et
338 1864 610 1907 auctoritas
627 1867 679 1906 et
693 1863 1040 1923 gratia,etiam
1055 1876 1133 1906 res
1149 1858 1422 1915 familiaris,
1433 1859 1486 1906 C.
1500 1859 1757 1921 Capitonis

269 1948 472 2004 praesto
490 1939 588 1987 fuit
607 1948 660 1987 et
677 1944 847 2002 paruit
867 1947 919 1987 et
938 1939 1250 2002 temporibus
1271 1948 1323 1986 et
1341 1939 1576 1986 fortunae
1595 1955 1756 1986 meae.

221 2030 247 2069 3
272 2022 433 2068 Huius
465 2025 774 2084 propinquus
807 2020 904 2067 fuit
934 2021 989 2067 T.
1025 2022 1310 2076 Antistius;
1362 2025 1446 2083 qui
1478 2038 1591 2067 cum
1623 2027 1759 2066 sorte

270 2110 509 2166 quaestor
536 2102 890 2149 Macedoniam
916 2103 1189 2157 obtineret,
1213 2118 1380 2164 neque
1407 2105 1451 2148 ei
1476 2117 1759 2148 successum

272 2190 424 2239 esset,
468 2182 736 2245 Pompeius
779 2186 830 2228 in
874 2199 986 2228 eam
1029 2186 1334 2244 provinciam
1377 2199 1491 2228 cum
1535 2185 1760 2228 exercitu

334 2428 354 2448 ⁰
384 2422 624 2463 Notorious
652 2423 721 2462 for
749 2422 914 2474 having
949 2421 1183 2474 publislied
1218 2421 1441 2474 prodigies
1474 2422 1526 2461 of
1554 2420 1596 2461 ill
1628 2435 1760 2463 omen

278 2477 404 2518 when
428 2477 611 2517 Crassus
636 2490 724 2516 was
754 2479 917 2527 setting
946 2482 1023 2516 out
1054 2479 1122 2517 for
1151 2476 1303 2529 Syria:
1335 2476 1389 2517 he
1410 2488 1498 2516 was
1518 2475 1681 2527 always
1701 2489 1759 2517 an

279 2535 505 2583 opponent
525 2531 576 2571 of
591 2530 666 2571 the
686 2530 943 2571 Triumvirs.

282 2612 346 2660 90
