1837 3029
875 181 1124 229 CICERO

941 332 1061 378 XIV

713 465 906 497 MARCUS
943 467 986 503 Q.
1025 467 1206 497 FRATRI
1241 466 1279 498 S.

612 569 764 611 Cumis
784 574 861 611 aut
885 570 1117 622 Pompeii&
1142 584 1272 612 A.u.c.
1297 573 1392 612 700.

211 682 230 722 1
323 675 462 721 Duas
480 674 641 721 adhuc
663 692 690 721 a
708 683 759 722 te
781 679 948 738 accepi
972 676 1209 738 epistulas
1230 692 1240 731 ;
1269 692 1440 722 earum
1462 675 1672 722 alteram
1691 678 1740 722 in

259 758 364 817 ipso
385 756 603 802 discessu
625 763 810 808 nostro,
833 755 1042 802 alteram
1065 757 1289 802 Arimino
1311 757 1498 804 datam.
1554 755 1741 806 Plures,

260 853 382 898 quas
413 838 582 882 scribis
613 844 665 883 te
696 837 911 892 dedisse,
942 854 1041 883 non
1071 853 1378 899 acceperam.
1443 837 1553 900 Ego
1582 852 1664 883 me
1693 840 1743 882 in

260 916 485 962 Cumano
522 924 575 963 et
611 916 934 979 Pompeiano,
970 925 1327 981 praeterquam
1362 917 1498 980 quod
1532 921 1638 964 sine
1673 924 1743 972 te,

259 1005 485 1043 ceterum
512 1001 631 1043 satis
659 998 920 1044 commode
947 997 1264 1045 oblectabam
1289 1013 1300 1053 ς
1346 1005 1399 1045 et
1426 1014 1563 1044 eram
1580 1001 1640 1048 ⁴in
1666 1000 1744 1044 iis-

259 1078 375 1123 dem
396 1077 512 1124 locis
533 1095 690 1141 usque
713 1079 776 1125 ad
800 1078 909 1125 Kal.
935 1079 1043 1126 Iun.
1067 1078 1279 1125 futurus.
1335 1077 1624 1125 Scribebam
1646 1078 1744 1134 illa,

261 1175 390 1221 quae
445 1159 689 1214 dixeram,
738 1160 1001 1215 πολιτικά;
1077 1163 1289 1222 spissum
1348 1176 1469 1206 sane
1518 1175 1642 1222 opus
1681 1149 1745 1205 'et

260 1255 525 1301 operosum
549 1255 560 1294 ;
604 1240 692 1285 scd
719 1243 757 1285 si
785 1256 848 1286 ex
874 1244 1130 1286 sententia
1155 1243 1466 1296 successerit,
1491 1240 1623 1286 bene
1649 1242 1745 1286 erit

261 1336 413 1381 opera
438 1322 599 1381 posita
625 1335 636 1374 3
667 1324 741 1365 sin
770 1324 950 1376 minus,
979 1324 1029 1366 in
1058 1320 1179 1367 illud
1209 1325 1372 1383 ipsum
1401 1337 1539 1366 mare
1565 1320 1744 1367 deicie-

261 1416 387 1455 mus,
417 1401 551 1463 quod
579 1408 868 1462 spectantes
898 1402 1170 1448 scribimus.
1235 1401 1605 1464 Aggredicmur
1634 1400 1744 1455 alia,

212 1488 236 1526 2
262 1484 496 1544 quoniam
519 1485 775 1543 quiescere
798 1499 896 1528 non
918 1498 1193 1543 possumus,
1248 1482 1356 1528 Tua
1377 1481 1617 1528 mandata
1636 1497 1746 1544 per-

261 1578 442 1625 sequar
476 1561 746 1625 diligenter
780 1569 833 1608 et
868 1563 1199 1625 adiungendis
1236 1561 1517 1609 hominibus
1553 1569 1606 1609 et
1639 1565 1745 1625 qui-

262 1643 472 1689 busdam
507 1660 607 1688 non
640 1642 930 1690 alienandis.
1002 1643 1259 1689 Maximae
1294 1642 1413 1689 mihi
1448 1659 1564 1689 vero
1597 1658 1745 1689 curae

263 1726 374 1779 erit,
392 1730 448 1770 ut
471 1723 762 1769 Ciceronem
780 1731 925 1770 tuum
949 1731 1276 1787 nostrumque
1297 1724 1517 1780 videam,
1527 1727 1565 1769 si
1592 1723 1746 1780 licetl,

263 1804 523 1866 quotidie3
569 1805 658 1850 sed
694 1808 968 1866 inspiciam,
1007 1805 1127 1868 quid
1163 1805 1339 1861 discat,
1376 1821 1528 1868 quam
1564 1808 1747 1867 saepis-

263 1888 384 1931 sime
409 1901 420 1940 ;
450 1893 519 1941 et,
546 1889 635 1931 nisi
663 1885 742 1931 ille
769 1893 1079 1942 contemnet,
1101 1889 1254 1932 etiam
1275 1889 1571 1950 magistrum
1596 1903 1676 1932 me
1702 1888 1747 1931 ei

264 1966 536 2028 profitebor
559 1982 570 2022 ;
615 1970 752 2013 cuius
779 1970 850 2013 rei
877 1966 1166 2013 nonnullam
1193 1968 1609 2014 consuetudinem
1636 1983 1747 2013 nac·

264 2055 343 2093 tus
375 2064 484 2093 sum
515 2051 567 2093 in
597 2046 689 2094 hoc
721 2046 898 2093 horum
930 2048 1124 2094 dierum
1156 2051 1275 2103 otio,
1308 2048 1547 2094 Cicerone
1579 2055 1748 2094 nostro

212 2136 236 2174 3
262 2132 450 2174 minore
467 2128 828 2190 producendo.²
860 2129 952 2185 Tu,
969 2129 1394 2192 quemadmodum
1411 2130 1597 2184 scribiS,
1615 2129 1748 2191 quod

264 2213 459 2255 etiamsi
486 2226 585 2255 non
610 2211 868 2264 scriberes,
894 2209 1060 2256 facere
1087 2217 1139 2256 te
1165 2209 1544 2273 diligentissime
1576 2217 1746 2256 tamen

262 2291 497 2345 sciebam,
539 2289 690 2336 facies
737 2290 942 2346 scilicet,
984 2298 1041 2336 ut
1086 2307 1200 2336 mea
1246 2291 1487 2337 mandata
1532 2291 1747 2354 digeras,

321 2408 334 2432 ¹
371 2409 565 2459 'I'yrrellz
605 2408 766 2448 scilicet
809 2409 921 2455 edd„
965 2409 1098 2448 which
1142 2409 1306 2449 Purser
1347 2409 1491 2449 thinks
1535 2410 1572 2449 is
1615 2409 1744 2460 riqht,

264 2461 290 2479 ‘⁸
311 2463 363 2512 of
379 2476 553 2507 coursez
594 2462 665 2501 buc
690 2464 823 2507 (more
847 2464 949 2502 than
975 2464 1066 2502 that
1094 2462 1117 2502 I
1135 2463 1263 2510 shall,
1289 2463 1430 2511 etc.).’'

321 2516 336 2538 ²
368 2516 473 2556 Boot
495 2534 503 2556 :
539 2515 816 2567 perdocendo
839 2516 993 2556 Nobbe.

269 2585 359 2627 528
