1868 3040
933 189 1184 237 CICERO

315 321 721 365 existimaturum
772 320 998 366 arbitror.
1086 320 1182 364 Fac
1231 322 1402 382 igitur,
1450 321 1518 364 mi
1568 317 1696 375 Rex,
1744 325 1803 366 ut

314 393 597 457 intellegat,
621 393 710 441 has
733 395 826 440 sibi
849 394 1045 441 litteras
1069 394 1339 456 plurimum
1363 392 1623 456 profuisse.

998 582 1123 628 LIII

703 707 878 737 (necno
911 707 1122 737 THERMO
1157 707 1336 739 PROPR.
1370 705 1409 740 8.

712 799 763 840 ln
786 799 953 843 Cilicia.
975 799 1029 840 ad
1054 801 1125 840 tin.
1152 814 1280 840 Α.υ.(;.
1305 802 1400 842 703.

267 903 284 942 l
378 895 433 943 L.
464 896 724 943 Genucilio
751 895 913 942 Curvo
938 896 1236 958 iampridem
1264 903 1378 942 utor
1401 893 1801 951 familiarissime,

310 975 501 1033 optimo
529 975 630 1017 viro
657 977 710 1017 et
734 969 936 1016 homine
961 973 1262 1033 gratissimo.
1322 970 1454 1016 Eum
1479 971 1572 1017 tibi
1596 973 1800 1032 penitus

309 1045 608 1092 commendo
651 1052 806 1107 atque
850 1044 1031 1100 trado3
1093 1048 1329 1106 primum,
1374 1051 1432 1091 ut
1474 1044 1705 1091 omnibus
1749 1047 1799 1090 in

309 1121 458 1166 rebus
508 1123 553 1166 ei
600 1119 906 1174 commodes,
954 1120 1122 1182 quoad
1170 1119 1293 1166 fides
1343 1126 1431 1165 tua
1477 1119 1799 1182 dignitasque

309 1199 563 1257 patietur3
612 1198 858 1256 (patietur
897 1202 1067 1240 autem
1109 1198 1159 1240 in
1196 1194 1467 1257 omnibus),
1506 1193 1624 1240 nihil
1665 1197 1797 1240 enim

311 1271 397 1315 abs
423 1277 475 1315 te
501 1285 760 1331 umquam,
786 1269 918 1331 quod
945 1272 1010 1315 sit
1035 1269 1254 1314 alienum
1278 1272 1378 1316 tuis
1404 1276 1494 1315 aut
1518 1271 1672 1315 etiam
1697 1271 1797 1314 suis

259 1352 283 1390 2
310 1345 545 1400 moribus,
596 1344 887 1406 postulabit.
973 1343 1248 1406 Praecipue
1299 1351 1473 1390 autem
1523 1344 1615 1390 tibi
1665 1359 1797 1390 com-

307 1419 492 1465 mendo
547 1422 753 1481 negotia
807 1422 930 1473 eius,
985 1434 1115 1480 quae
1170 1425 1289 1465 sunt
1341 1421 1392 1464 in
1447 1417 1797 1480 Hellesponto,

307 1497 540 1555 primum,
563 1500 621 1539 ut
643 1493 875 1539 obtineat
896 1492 947 1538 id
969 1495 1086 1538 iuris
1110 1496 1159 1538 in
1184 1496 1332 1555 agris,
1356 1492 1492 1554 quod
1515 1496 1557 1538 ei
1584 1491 1797 1538 Pariana

305 1572 479 1615 civitas
519 1568 743 1614 decrevit
782 1574 835 1614 et
873 1567 1033 1623 dedit,
1073 1574 1126 1613 et
1165 1567 1300 1629 quod
1338 1582 1539 1628 semper
1576 1567 1797 1613 obtinuit

305 1647 412 1689 sine
443 1643 541 1689 ulla
570 1645 942 1697 controversia3
989 1642 1192 1697 deinde,
1221 1645 1260 1688 si
1291 1642 1412 1704 quid
1442 1641 1651 1688 habebit
1681 1658 1794 1687 cum

306 1717 472 1779 aliquo
490 1716 840 1778 Hellespontio
857 1719 1243 1771 controversiae,
1261 1723 1318 1762 ut
1336 1719 1387 1761 in
1405 1715 1539 1761 illam
1558 1715 1796 1776 διοίκησιν

305 1796 494 1838 reicias.
563 1790 663 1837 Sed
691 1807 790 1837 non
819 1790 938 1836 mihi
970 1791 1154 1845 videor,
1182 1807 1296 1836 cum
1324 1791 1416 1837 tibi
1443 1797 1610 1837 totum
1638 1789 1795 1836 homi-

306 1883 422 1912 nem
445 1866 827 1928 diligentissime
850 1866 1261 1918 commendarim,
1283 1864 1503 1927 singulas
1526 1865 1590 1911 ad
1612 1871 1666 1911 te
1689 1868 1794 1911 eius

303 1957 477 1987 causas
498 1941 805 2002 perscribere
827 1940 1030 1985 debere.
1084 1938 1291 1985 Summa
1310 1939 1393 1985 illa
1412 1943 1477 1985 sit
1500 1955 1510 1985 :
1549 1939 1795 2001 quidquid

304 2015 448 2070 offici,
482 2014 713 2069 benefici,
748 2013 946 2060 honoris
981 2017 1032 2059 in
1069 2014 1386 2060 Genucilium
1421 2013 1709 2069 contuleris,
1743 2014 1795 2060 id

306 2097 358 2136 te
405 2090 705 2135 existimabo
749 2092 799 2135 in
844 2105 926 2135 me
971 2092 1135 2151 ipsum
1180 2096 1335 2151 atque
1379 2091 1430 2134 in
1474 2104 1582 2134 rem
1627 2104 1794 2134 meam

306 2164 590 2210 contulisse.

367 2329 386 2348 ⁰
418 2325 458 2365 A
493 2323 875 2375 tliorougli-going
909 2326 1137 2375 optimate,
1174 2323 1272 2364 who
1308 2336 1397 2363 was
1431 2323 1606 2364 tribune
1641 2323 1692 2363 of
1721 2322 1795 2364 the

312 2378 436 2430 plebs
459 2380 500 2418 in
524 2381 592 2423 6³2.
615 2378 703 2418 and
727 2383 901 2429 praetor
923 2378 1118 2418 between
1140 2377 1236 2418 that
1257 2391 1362 2429 year
1383 2377 1471 2417 and
1494 2381 1562 2418 57.
1615 2377 1684 2418 He
1706 2390 1796 2418 was

311 2446 528 2483 governor
547 2433 597 2472 of
614 2433 719 2472 Asia
742 2434 784 2470 in
806 2437 852 2471 51
880 2431 967 2471 and
990 2435 1057 2471 50.

373 2487 388 2510 ι’
422 2488 457 2526 Α
481 2491 596 2526 town
618 2499 643 2525 a
664 2485 772 2525 little
795 2485 841 2524 F..
867 2487 918 2525 of
941 2486 1212 2536 Lampsacus
1232 2487 1274 2525 in
1299 2485 1371 2525 the
1393 2487 1579 2533 διοίκησις
1599 2484 1794 2536 (depart-

314 2542 453 2588 ment)
467 2542 517 2580 of
533 2540 605 2580 the
625 2538 893 2591 Helles-pont.
946 2540 983 2579 tt
1001 2554 1088 2579 was
1107 2539 1234 2579 made
1251 2553 1275 2579 a
1294 2539 1453 2590 colony
1470 2539 1530 2590 by
1547 2540 1790 2591 Augustus.

323 2609 406 2650 128
