1837 3029
878 168 1128 217 CICERO

254 308 309 349 et
344 300 506 348 fecisti
545 303 749 365 egregie
785 306 838 346 et
873 298 1012 354 facis,
1048 305 1107 345 ut
1142 314 1522 354 commemores,
1557 303 1746 361 quanta

253 392 320 436 sit
360 392 412 435 in
453 388 731 451 publicanis
775 388 1013 451 dignitas,
1055 393 1302 450 quantum
1347 402 1436 433 nos
1478 385 1545 431 ilh·
1588 384 1747 431 ordini

255 477 549 531 debeamus,
598 483 654 522 ut
702 482 896 521 remoto
933 478 1143 536 imperio
1191 491 1248 520 ac
1295 477 1340 520 vi
1377 476 1648 536 potestatis
1696 479 1749 519 et

254 564 462 610 fascium
489 563 779 625 publicanos
803 580 914 608 cum
941 562 1146 608 Graecis
1171 565 1334 624 <gratia
1358 568 1513 624 atque
1538 562 1749 606 auctori-

255 659 364 698 tate
388 654 680 713 coniungas,
700 658 753 696 et
779 651 842 696 ab
867 653 943 705 iis,
963 650 1026 696 de
1053 651 1232 712 quibus
1253 652 1444 711 optime
1465 655 1520 695 tu
1540 649 1749 693 meritus

257 755 327 794 es,
361 746 414 785 et
461 742 545 801 qui
594 739 684 783 tibi
720 741 887 783 omni-„1
920 737 1130 792 debent,
1172 735 1265 782 hoc
1298 744 1461 799 petas,
1494 743 1550 782 ut
1598 733 1750 781 facili-

257 834 367 872 tate
412 843 503 872 sua
548 842 637 872 nos
678 842 790 871 eam
833 825 1276 879 necessitudinem,
1313 840 1444 886 quae
1485 830 1564 870 est
1608 822 1750 868 nobis

255 930 368 960 cum
415 913 711 975 publicanis,
757 914 988 959 obtinere
1036 919 1089 959 et
1133 927 1428 958 conservare
1474 913 1748 973 patiantur.

179 1008 232 1048 36
257 1001 355 1048 Sed
397 1001 515 1064 quid
561 1018 655 1064 ego
697 1007 750 1046 te
792 999 918 1046 haee
958 999 1148 1053 hortor,
1190 1016 1320 1062 quae
1363 1006 1419 1046 tu
1461 1016 1561 1045 non
1602 997 1751 1044 modo

256 1089 422 1136 facere
459 1097 604 1152 potes
641 1096 731 1134 tua
766 1095 947 1150 sponte
980 1092 1086 1134 sine
1123 1091 1417 1150 cuiusquam
1450 1088 1751 1149 praeceptis,

257 1177 347 1223 sed
393 1181 546 1223 etiam
594 1193 779 1238 magna
824 1179 923 1221 iam
972 1192 1033 1221 ex
1083 1182 1226 1237 parte
1274 1173 1570 1237 perfecisti?
1639 1173 1751 1218 Non

258 1268 389 1310 enim
433 1265 686 1310 desistunt
726 1264 868 1309 nobis
910 1280 1060 1325 agere
1103 1263 1328 1325 quotidie
1369 1265 1558 1325 gratias
1599 1261 1751 1306 hone-

257 1356 504 1398 stissimae.
533 1359 585 1398 et
611 1355 861 1396 maximae
890 1355 1159 1396 societates
1184 1366 1194 1405 ;
1239 1351 1374 1412 quod
1400 1350 1604 1412 quidem
1630 1346 1749 1394 milii

259 1440 440 1485 ideireo
490 1439 752 1485 iucundius
802 1445 898 1495 est,
946 1438 1082 1501 quod
1129 1438 1264 1484 idem
1313 1437 1506 1483 faciunt
1555 1436 1748 1481 Graeci.

262 1527 472 1572 Difficile
507 1534 585 1572 est
618 1533 808 1582 autern,
843 1542 920 1581 ea,
955 1542 1084 1589 quae
1118 1525 1410 1580 commodis,
1443 1524 1665 1570 utilitate
1700 1529 1751 1568 et

260 1632 414 1677 prope
437 1622 618 1660 natura
638 1615 832 1660 diversa
853 1621 988 1669 sunt,
1010 1613 1271 1660 voluntate
1292 1616 1613 1675 coniungere.
1682 1611 1752 1656 At

261 1719 321 1748 ea
350 1703 573 1765 quidem,
601 1718 732 1765 quae
761 1718 911 1763 supra
940 1705 1125 1763 scripta
1154 1709 1289 1755 sunt,
1318 1717 1417 1746 non
1448 1707 1504 1746 ut
1532 1706 1584 1745 te
1612 1701 1752 1744 insti·

260 1797 476 1845 tuci-cm,
518 1793 705 1851 scripsi,
742 1790 929 1851 (neque
973 1793 1105 1834 enim
1149 1789 1418 1851 prudentia
1457 1794 1547 1834 tua
1592 1788 1753 1832 cuius-

261 1894 413 1940 quam
461 1884 734 1940 praecepta
783 1877 1076 1939 desidet-an)
1125 1877 1214 1923 sed
1262 1892 1343 1922 me
1391 1879 1443 1921 in
1490 1873 1752 1921 scribendo

260 1969 672 2012 commemoratio
704 1972 823 2011 tuae
857 1968 1055 2011 virtutis
1086 1964 1395 2019 delectavit;
1444 1977 1751 2026 quamquam

261 2056 313 2099 in
337 2052 412 2099 his
436 2053 618 2099 litteris
641 2052 834 2115 longior
859 2052 948 2107 fui,
973 2069 1124 2115 quam
1151 2058 1238 2098 aut
1264 2050 1462 2104 vellem,
1488 2057 1576 2096 aut
1600 2065 1751 2112 quam

186 2148 237 2186 37
263 2157 343 2186 me
388 2144 561 2202 putavi
604 2139 726 2186 fore.
796 2140 942 2185 XIII.
991 2139 1162 2186 Unum
1206 2146 1301 2194 est,
1345 2137 1480 2201 quod
1522 2138 1614 2184 tibi
1658 2152 1752 2199 ego

263 2231 553 2290 praecipere
588 2244 687 2274 non
721 2227 966 2282 desinam,
1000 2243 1166 2289 neque
1200 2233 1253 2272 te
1288 2229 1452 2287 patiar
1484 2225 1752 2287 (quantum

264 2319 315 2361 in
349 2332 430 2361 me
466 2315 581 2376 erit)
616 2331 728 2361 curn
766 2318 1066 2377 exceptione
1100 2313 1307 2360 laudari.
1377 2313 1567 2360 Omnes
1602 2314 1753 2367 enim,

782 2515 801 2534 ⁰
831 2511 916 2555 i.e.‚
941 2510 990 2548 Of
1005 2509 1243 2560 puhlt’t'tlni.

275 2576 370 2622 4²36
