1868 3040
871 171 1123 220 CICERO

252 298 387 360 quod
416 305 469 345 et
495 305 615 346 tuae
643 299 797 354 laudi,
823 303 961 346 cuius
991 317 1085 363 ego
1112 299 1280 346 fautor
1305 316 1434 355 sum,
1459 299 1740 346 conducere

245 366 482 421 arbitror,
500 382 614 412 cum
633 370 820 427 primus
839 371 890 412 in
910 383 1021 412 cam
1041 367 1253 413 insulam
1273 373 1512 429 quaestor
1529 368 1740 420 veneris,

252 448 312 477 ea
334 439 386 477 te
410 436 692 488 instituere,
716 450 846 495 quae
868 441 1147 496 sequantur
1170 434 1250 480 alii
1275 450 1286 488 ;
1327 450 1476 496 quae,
1500 440 1555 479 ut
1577 448 1740 494 spero,

252 498 442 543 facilius
479 516 806 562 consequere,
842 503 882 546 si
920 508 973 546 et
1010 499 1064 547 P.
1105 500 1326 555 Lentuli,
1363 503 1609 546 necessari
1647 502 1740 554 tui,

252 565 435 625 legem,
454 573 505 611 et
524 583 600 620 ca,
618 583 747 628 quac
767 584 794 612 a
810 583 891 613 me
912 571 1187 613 constituta
1206 570 1493 630 sunt,sequi
1511 565 1738 613 volueris.

250 632 416 690 Quam
442 649 547 678 rem
572 634 663 679 tibi
687 634 884 681 confido
908 651 1124 698 magnae
1149 634 1284 681 laudi
1309 632 1430 681 fore.

912 883 1083 931 XLIX

609 1028 786 1061 CICERO
819 1028 857 1061 S.
895 1029 938 1061 P.
976 1029 1023 1061 D.
1060 1028 1210 1060 cumo
1244 1027 1386 1063 Pnoc.

817 1133 971 1186 (Anno
991 1131 1193 1185 incerto.)

318 1248 380 1308 Q.
416 1248 703 1312 PompeiuS,
736 1248 876 1296 Sext.
914 1249 988 1305 F.,
1012 1248 1182 1295 multis
1209 1255 1263 1295 et
1296 1248 1552 1295 veteribus
1585 1250 1746 1295 causis

257 1317 639 1364 necessitudinis
678 1316 798 1362 mihi
837 1320 1131 1363 coniunctus
1171 1323 1263 1363 est.
1337 1316 1404 1372 Is,
1442 1332 1555 1362 cum
1595 1322 1748 1362 antea

257 1387 382 1430 meis
416 1384 938 1430 commendationibus
976 1390 1029 1430 et
1062 1399 1169 1429 rem
1206 1390 1260 1429 et
1293 1385 1508 1446 gratiam
1547 1389 1600 1430 et
1635 1398 1748 1428 auc-

257 1454 520 1497 toritatem
563 1467 706 1497 suam
747 1454 880 1497 tueri
921 1454 1192 1505 consuerit,
1234 1466 1366 1496 nunc
1406 1448 1653 1512 profecto,
1694 1456 1748 1496 te

258 1521 563 1580 provinciam
591 1518 876 1574 obtinente,
902 1520 1027 1564 meis
1054 1517 1236 1564 litteris
1264 1520 1462 1579 assequi
1491 1517 1665 1571 debet,
1691 1522 1749 1563 ut

259 1589 446 1630 nemini
464 1601 517 1631 se
535 1585 802 1648 intellegat
819 1584 1302 1632 commendatiorem
1321 1599 1561 1647 umquam
1578 1581 1746 1630 fuisse.

258 1652 601 1710 Quamobrem
632 1670 661 1698 a
690 1659 743 1698 te
774 1655 1015 1698 maiorem
1043 1654 1095 1698 in
1125 1652 1331 1697 modum
1361 1658 1500 1713 peto,
1531 1657 1605 1706 ut,
1634 1666 1748 1696 cum

257 1735 431 1765 omnes
458 1736 596 1766 meos
625 1735 787 1782 aeque
815 1736 872 1765 ac
899 1726 1012 1766 tuos
1039 1719 1323 1774 observare,
1349 1735 1439 1781 pro
1467 1725 1638 1764 nostra
1663 1733 1750 1763 ne-

258 1787 580 1842 cessitudine,
605 1786 810 1841 debeas,
834 1785 966 1832 hunc
990 1790 1040 1831 in
1064 1789 1235 1848 primis
1259 1789 1332 1832 ita
1354 1789 1405 1831 in
1429 1792 1571 1831 tuam
1597 1783 1748 1830 fidem

259 1857 485 1915 recipias,
521 1860 578 1900 ut
613 1857 719 1915 ipse
755 1853 1040 1916 intellegat,
1077 1852 1265 1898 nullam
1301 1868 1408 1898 rem
1444 1853 1537 1898 sibi
1573 1853 1748 1897 maiori

261 1924 368 1966 usui
405 1927 494 1967 aut
529 1927 827 1967 ornamento
864 1937 1016 1984 quam
1053 1936 1219 1966 meam
1256 1919 1749 1966 commendationem

261 2003 369 2033 esse
393 1991 632 2049 potuisse.
700 1987 840 2034 Vale.

323 2152 340 2170 ⁰
374 2147 420 2188 P.
448 2147 660 2187 Lentulus
683 2148 906 2199 Spinther,
928 2161 1146 2199 governor
1168 2147 1219 2187 of
1237 2145 1389 2187 Cilicia
1411 2148 1551 2186 56-53
1573 2145 1619 2197 (i.
1648 2149 1683 2186 1.
1712 2148 1750 2194 1,

266 2202 512 2295 nogelfflen
531 2268 748 2306 governor
768 2256 818 2295 of
833 2254 985 2295 Cilicia
1004 2254 1068 2304 (in
1088 2258 1136 2294 5l
1162 2253 1249 2294 and
1271 2254 1358 2301 5⁶2),
1379 2254 1447 2293 for
1465 2257 1510 2293 at
1530 2252 1625 2292 that
1644 2253 1749 2292 time

264 2308 439 2372 Cyprus
471 2322 558 2348 was
586 2314 698 2402 fart-
717 2311 767 2348 of
792 2309 865 2349 the
896 2311 1102 2360 province
1132 2310 1182 2348 of
1208 2308 1374 2371 Cilicia,
1405 2307 1492 2347 and
1526 2305 1749 2347 rcmained

265 2376 313 2401 so
333 2362 442 2402 until
457 2366 527 2409 47.
546 2377 582 2402 w
600 2376 670 2402 ien
690 2367 722 2402 it
740 2376 828 2402 was
845 2361 1021 2403 handed
1039 2376 1142 2403 over
1158 2366 1202 2402 to
1222 2362 1407 2402 Arsinoe
1424 2360 1512 2401 and
1532 2359 1748 2412 Ptolemy.

264 2429 343 2456 son
364 2417 414 2457 of
431 2415 630 2468 Ptolemy
652 2416 831 2457 Auletes
850 2417 956 2468 (Dio
976 2415 1097 2457 Cass.
1119 2418 1207 2457 xiii.
1228 2419 1296 2457 35.
1319 2416 1378 2466 5).

274 2591 364 2632 122
