1837 3029
854 152 1104 198 CICERO

230 283 490 329 Calenum.
564 283 707 328 Nunc
757 281 948 328 scilicet
996 280 1089 327 hoc
1140 289 1422 343 exspectas,
1472 281 1592 328 dum
1643 298 1726 328 eas

230 350 448 398 laudem.
520 350 699 396 Nescio
739 351 892 395 animi
931 365 994 394 an
1033 351 1220 411 ingenii
1259 351 1334 394 tui
1371 351 1528 395 maior
1565 352 1614 394 in
1653 347 1726 395 his

229 417 406 465 libellis
433 417 539 463 laus
566 420 902 463 contineatur.
975 415 1083 461 Iam
1107 415 1329 462 concedo
1355 422 1412 462 ut
1438 415 1516 462 vel
1543 415 1726 477 Philip-

230 488 326 547 pici
354 492 612 538 vocentur,
642 484 777 547 quod
804 491 862 529 tu
891 482 1111 546 quadam
1140 482 1356 545 epistula
1382 486 1549 529 iocans
1578 486 1727 545 scrip-

179 560 205 599 5
229 555 350 599 sisti.
424 552 634 598 Duabus
685 552 834 597 rebus
887 567 1114 613 egemus,
1165 549 1357 606 Cicero,
1407 553 1622 612 pecunia
1673 557 1726 596 et

229 619 585 682 supplemento
611 635 621 665 :
666 635 879 681 quarum
906 618 1066 664 altera
1090 624 1263 679 potest
1289 618 1376 664 abs
1402 625 1456 664 te
1483 617 1726 679 expediri,

230 694 288 733 ut
333 687 501 749 aliqua
545 702 660 748 pars
706 685 924 731 militum
970 688 1116 731 istinc
1162 688 1398 731 mittatur
1443 685 1603 740 nobis,
1649 684 1725 731 vel

229 761 425 801 secreto
477 753 679 800 consilio
733 753 970 799 adversus
1025 752 1240 798 Pansam
1293 752 1372 798 vel
1424 755 1622 799 actione
1674 754 1723 798 in

229 828 428 876 senatu,
454 822 518 867 ab
542 824 650 883 ipso
676 828 855 866 senatu
888 819 1065 874 altera,
1092 836 1221 882 quae
1252 822 1412 883 magis
1447 826 1525 866 est
1556 835 1726 866 neces-

228 892 356 935 saria
392 904 558 950 neque
596 904 710 934 meo
749 890 992 934 exercitui
1029 890 1188 950 magis
1221 903 1373 949 quam
1403 886 1724 949 reliquorum.

231 957 339 1002 Hoc
359 959 518 1016 magis
539 955 685 1001 doleo
704 956 877 1001 Asiam
898 971 985 1000 nos
1008 957 1230 1001 amisisse
1252 971 1262 1000 :
1303 971 1455 1017 quam
1472 957 1540 1000 sic
1556 957 1725 1000 vexari

230 1041 259 1070 a
282 1023 546 1070 Dolabella
568 1023 734 1077 audio,
757 1030 813 1068 ut
834 1026 933 1068 iam
956 1039 1054 1067 non
1076 1022 1308 1068 videatur
1328 1021 1725 1068 crudelissimum

231 1094 335 1138 eius
378 1089 569 1137 facinus
613 1088 901 1136 interfectio
943 1089 1193 1135 'fi-ebonii.
1272 1089 1431 1135 Vetus
1475 1090 1725 1135 Antistius

180 1165 206 1205 6
230 1176 310 1205 me
351 1165 526 1204 tamen
567 1161 782 1219 pecunia
822 1157 1117 1203 sublevavit.
1189 1157 1380 1211 Cicero,
1423 1156 1549 1202 filius
1591 1163 1725 1211 tuus,

229 1229 297 1272 sic
326 1224 446 1271 mihi
476 1242 528 1271 se
557 1225 740 1287 probat
767 1225 1031 1278 industria,
1059 1226 1326 1285 patientia,
1356 1223 1544 1278 labore,
1574 1227 1725 1269 animi

229 1292 599 1356 magnitudine,
632 1295 767 1338 omni
801 1292 1020 1353 denique
1054 1292 1228 1346 officio,
1262 1298 1319 1337 ut
1351 1308 1549 1353 prorsus
1584 1307 1725 1337 num—

230 1377 382 1423 quam
405 1360 665 1406 dimittere
689 1359 920 1405 videatur
943 1362 1306 1421 cogitationem
1329 1361 1467 1404 cuius
1491 1361 1555 1404 sit
1581 1358 1722 1404 filius.

229 1429 342 1486 Qua
368 1444 421 1474 re
449 1430 687 1490 quoniam
714 1427 909 1473 efficere
937 1443 1036 1472 non
1063 1442 1283 1487 possum,
1311 1433 1368 1472 ut
1393 1425 1546 1487 pluris
1572 1424 1724 1472 facias

230 1512 362 1549 eum,
389 1498 473 1557 qui
499 1496 592 1540 tibi
619 1501 696 1540 est
721 1497 1020 1548 carissimus,
1046 1493 1168 1539 illud
1193 1494 1359 1539 tribue
1385 1493 1567 1539 iudicio
1593 1509 1723 1548 meo,

231 1570 283 1609 ut
308 1563 400 1609 tibi
424 1562 729 1623 persuadeas
754 1578 854 1607 non
876 1560 982 1607 fore
1007 1561 1074 1607 illi
1099 1561 1415 1607 abutendum
1438 1560 1596 1623 gloria
1618 1567 1724 1615 tua,

230 1637 285 1676 ut
339 1630 644 1692 adipiscatur
697 1628 910 1676 honores
965 1636 1218 1691 paternos.
1294 1627 1508 1674 Kalend.
1563 1627 1721 1690 April.

231 1696 557 1761 Dyrrhachio.

289 1871 307 1890 ⁶
338 1864 386 1906 C.
420 1864 578 1905 Vibius
612 1863 772 1912 Pansa,
804 1862 956 1903 consul
991 1865 1034 1903 in
1065 1867 1120 1903 43
1153 1877 1233 1904 ns.
1296 1863 1393 1905 One
1424 1864 1475 1904 of
1501 1863 1574 1904 the
1604 1877 1722 1904 com-

232 1934 299 1960 ma
311 1919 438 1960 nders
459 1920 510 1959 of
526 1919 599 1959 the
622 1918 855 1959 senatorial
879 1920 1017 1958 forces
1041 1918 1083 1958 in
1105 1917 1179 1958 the
1200 1920 1437 1970 campaign
1459 1919 1511 1959 of
1531 1918 1720 1959 Mutina.

291 1975 306 1998 ⁶
338 1974 430 2014 The
453 1973 626 2014 Roman
649 1975 855 2025 provinc(¹
878 1974 928 2012 of
946 1973 1053 2012 Asia
1074 1973 1162 2023 (W.
1189 1973 1295 2012 Asia
1323 1973 1501 2023 Minor).

292 2033 305 2051 ⁰
342 2028 387 2068 Ρ.
412 2027 640 2068 Cornelius
664 2027 909 2074 Dolabella,
932 2026 1182 2067 son-in-law
1204 2028 1255 2067 of
1271 2026 1437 2073 Cicero,
1459 2025 1547 2066 and
1569 2027 1719 2067 consul

233 2084 274 2123 in
306 2086 359 2121 ΥΗ
391 2096 470 2123 mc.
532 2082 787 2134 Appointed
816 2095 1033 2134 governor
1061 2082 1112 2121 of
1136 2082 1281 2132 Syria,
1312 2081 1365 2122 he
1395 2080 1583 2121 invaded
1614 2082 1721 2122 Asia

235 2137 418 2176 without
438 2135 602 2176 orders.

287 2190 305 2213 ‘¹
338 2191 419 2231 See
444 2190 590 2229 Lem-r
614 2190 736 2230 XVI.

287 2249 302 2268 ⁰
337 2245 401 2285 M.
423 2244 590 2283 Tullius
612 2246 777 2291 Cicero,
793 2244 955 2296 junior.
1019 2243 1087 2283 lle
1112 2242 1383 2295 interrupted
1406 2242 1472 2284 his
1492 2243 1657 2285 studies
1675 2248 1722 2284 at

231 2298 401 2340 Athens
424 2300 466 2338 in
490 2298 618 2339 order
640 2303 684 2339 to
700 2299 793 2350 join
822 2296 997 2338 Brutus'
1020 2311 1162 2349 army.

226 2583 317 2626 628
