1868 3040
936 162 1186 209 CICERO

317 293 503 340 Caesar
556 310 671 340 meo
726 293 971 339 beneficio
1025 296 1076 338 in
1132 293 1534 340 Novocomenses
1588 291 1802 341 rettulit.

318 370 516 417 Nomen
536 377 707 417 autem
730 371 909 415 Aviani
935 376 1137 416 secutus
1165 377 1260 425 est,
1280 371 1415 432 quod
1442 369 1643 417 homine
1670 369 1805 416 nullo

317 447 426 509 plus
451 453 529 494 est
552 463 687 501 usus,
711 463 862 508 quam
890 446 1065 492 Flacco
1089 447 1302 502 Aviano,
1325 463 1456 502 meo,
1480 446 1806 510 quemadmo-

317 524 436 570 dum
455 531 507 571 te
524 527 647 569 seire
667 524 896 578 arbitror,
913 522 1311 570 familiarissimo.
1365 523 1509 582 Quae
1527 540 1622 588 ego
1638 526 1806 570 omnia

316 601 512 664 collegi,
542 608 599 646 ut
627 600 968 664 intellegeres,
999 618 1097 647 non
1128 600 1385 663 vulgarem
1417 617 1525 647 esse
1555 617 1806 648 commen-

267 683 292 722 2
316 677 575 724 dationem
603 676 732 723 hanc
759 694 942 723 meam.
1012 676 1138 723 Peto
1166 680 1320 739 igitur
1349 677 1436 724 abs
1464 683 1537 733 te,
1565 683 1623 724 ut
1650 679 1807 724 omni-

316 754 408 801 bus
443 755 612 810 rebus,
647 754 782 816 quod
817 757 923 801 sine
959 754 1192 800 molestia
1226 762 1315 800 tua
1350 753 1517 801 facere
1552 757 1726 816 possis,
1762 756 1806 800 ei

316 831 622 886 commodes,
649 830 939 894 habeasque
967 834 1016 877 in
1045 848 1254 878 numero
1282 839 1484 878 tuorum
1507 845 1519 886 3
1558 830 1807 893 perficias-

316 924 433 970 que,
464 915 521 954 ut
549 908 817 970 intellegat
847 907 935 954 has
965 908 1160 954 litteras
1190 924 1328 954 meas
1361 924 1544 970 magno
1573 907 1667 954 sibi
1697 910 1805 954 usui

315 983 485 1032 fuisse.
554 985 665 1032 Erit
690 986 741 1032 id
767 985 886 1031 mihi
915 989 1156 1032 maiorem
1182 988 1232 1031 in
1259 985 1466 1032 modum
1491 991 1710 1048 gratum.

934 1195 1151 1242 XXXVI

627 1329 682 1363 Μ.
717 1331 762 1362 T.
799 1331 839 1362 c.
877 1331 914 1362 s.
953 1331 994 1361 P.
1034 1331 1080 1361 D.
1117 1331 1276 1361 Ammo
1312 1330 1453 1364 puoc-

771 1434 940 1474 Romae
961 1434 1029 1486 (Ρ),
1052 1447 1184 1474 A.U.c.
1207 1436 1304 1474 709.

266 1548 286 1590 1
377 1540 502 1588 Cum
528 1542 792 1588 Demetrio
816 1541 974 1604 Mega
993 1540 1114 1586 mihi
1134 1547 1393 1587 vetustum
1413 1539 1685 1602 hospitium
1707 1545 1803 1594 est,

313 1616 625 1666 familiaritas
663 1625 836 1665 autem
873 1625 1038 1673 tanta,
1071 1624 1263 1681 quanta
1299 1634 1413 1664 eum
1451 1616 1614 1663 Siculo
1651 1616 1801 1663 nullo.

313 1695 373 1741 Ei
414 1695 680 1742 Dolabella
718 1702 899 1758 rogatu
939 1711 1054 1741 meo
1092 1697 1349 1741 civitatem
1391 1710 1422 1741 a
1460 1693 1675 1740 Caesare
1713 1697 1804 1739 im-

312 1775 566 1834 petravit:
621 1789 721 1835 qua
756 1776 807 1818 in
843 1789 897 1819 re
935 1789 1030 1835 ego
1065 1770 1288 1818 interfui.
1358 1771 1541 1833 Itaque
1579 1787 1710 1816 nunc
1747 1769 1800 1816 P.

312 1849 570 1895 Cornelius
599 1856 818 1895 vocatur.
888 1848 1117 1911 Cumque
1144 1855 1353 1910 propter
1379 1847 1624 1910 quosdam
1649 1846 1803 1893 sordi-

311 1926 400 1972 dos
425 1925 669 1980 homineS,
695 1929 778 1987 qui
805 1926 1030 1971 Caesaris
1055 1925 1301 1971 beneficia
1325 1923 1633 1978 vendebant,
1656 1923 1802 1969 tabu-

311 2002 429 2058 lam,
452 2006 502 2048 in
529 2019 629 2065 qua
652 2006 857 2049 nomina
879 2005 1084 2048 civitate
1110 2002 1411 2048 donatorum
1436 2004 1587 2047 incisa
1615 2007 1801 2054 essent,

311 2080 481 2126 revelli
539 2083 780 2135 iussisset,
839 2080 1004 2126 eidem
1066 2078 1361 2125 Dolabellae
1420 2094 1502 2124 me
1561 2077 1801 2123 audiente

313 2158 497 2203 Caesar
536 2157 664 2203 dixit
704 2156 824 2202 nihil
865 2172 991 2212 esse,
1032 2156 1167 2218 quod
1206 2156 1270 2202 de
1313 2155 1471 2218 Mega
1510 2160 1800 2207 vereretur3

374 2302 392 2320 ⁰
423 2296 599 2336 Novum
622 2296 808 2336 Cornum
826 2309 914 2335 was
929 2310 953 2335 a
976 2295 1133 2346 colony
1148 2294 1411 2335 established
1433 2293 1492 2344 by
1509 2293 1682 2340 Caesar,
1704 2291 1801 2332 who

315 2350 526 2427 “gar-‘³⁶⁴⁶
541 2349 1795 2443 li3⁵21?lssffisspiiffiiq'iiaisslssessssrlssepsssssicff‘s’nbhnoxenus

314 2457 405 2502 (see
424 2417 506 2497 ²flere
536 2417 774 2509 pregeding
802 2429 1060 2506 lettershad
1093 2456 1228 2497 taken
1251 2416 1348 2496 thaJt
1376 2456 1427 2496 of
1453 2455 1683 2501 Avianius,
1709 2453 1796 2494 and

317 2525 413 2552 now
435 2511 575 2552 called
599 2511 777 2552 himself
796 2512 841 2552 I'.
867 2511 1095 2552 Cornelius
1119 2511 1291 2563 Megas.

324 2582 417 2623 104-
