1837 3029
883 193 1134 240 CICERO

972 360 1041 407 VI

625 505 681 537 M.
716 506 761 537 Τ.
798 506 839 537 C.
875 506 913 536 S.
951 506 994 536 P.
1032 506 1078 536 1).
1116 505 1169 535 M.
1207 503 1383 534 CATONI

791 618 952 665 Rhodi,
974 632 1104 659 A.u.c.
1127 620 1223 659 704.

215 744 234 784 1
325 737 496 784 Laetus
518 755 617 785 sum
642 737 827 784 laudari
850 754 935 793 me,

260 818 423 878 inquit
449 816 657 866 Hector,
681 819 872 877 opinor,
897 815 1029 877 apud
1056 814 1319 870 Naevium,

949 891 1031 937 abs
1054 898 1111 947 te,
1129 898 1281 954 pater,
1304 907 1334 937 a
1357 889 1545 937 laudato
1566 889 1679 938 viro.

261 969 335 1015 Ea
366 976 444 1016 est
473 972 607 1016 enim
636 968 864 1032 profecto
892 970 1111 1016 iucunda
1139 968 1264 1024 laus,
1293 984 1424 1032 quae
1455 969 1519 1015 ab
1546 971 1605 1014 iis
1633 985 1740 1031 pro-

261 1047 512 1102 ficiscitur,
545 1050 630 1109 qui
663 1050 756 1109 ipsi
789 1050 839 1092 in
872 1045 1021 1094 laude
1055 1050 1305 1093 vixerunt.
1371 1046 1482 1108 Ego
1516 1061 1633 1092 vero
1666 1044 1743 1093 vel

258 1124 599 1187 gratulatione
628 1123 913 1170 litterarum
943 1131 1164 1178 tuarum,
1194 1123 1274 1170 vel
1302 1126 1604 1170 testimoniis
1633 1139 1744 1170 sen-

259 1205 454 1247 tentiae
494 1202 679 1256 dictae,
720 1201 841 1247 nihil
883 1209 977 1256 est,
1019 1202 1154 1264 quod
1194 1217 1276 1247 me
1317 1217 1418 1247 non
1458 1207 1743 1248 assecutum

259 1285 452 1340 putem.
507 1278 668 1341 quue
693 1278 814 1324 mihi
839 1295 952 1325 cum
983 1278 1362 1341 amplissimum,
1380 1284 1490 1324 tum
1523 1281 1743 1340 gratissi·

259 1372 397 1401 mum
425 1362 520 1411 est,
547 1363 600 1402 te
627 1355 846 1402 libenter
872 1359 1122 1402 amicitiae
1151 1356 1368 1411 dedisse,
1394 1355 1530 1418 quod
1554 1354 1743 1418 liquido

260 1436 461 1479 veritati
484 1433 645 1480 dares.
703 1433 789 1488 Et,
812 1436 852 1479 si
877 1451 976 1479 non
1000 1433 1150 1480 modo
1174 1449 1366 1488 omnes,
1390 1449 1563 1479 verum
1588 1436 1742 1479 etiam

259 1510 404 1556 multi
429 1509 648 1558 Catones
674 1517 844 1557 essent
868 1514 918 1556 in
943 1513 1149 1557 civitate
1175 1517 1362 1566 nostra,
1387 1513 1438 1556 in
1463 1527 1563 1573 qua
1588 1527 1742 1557 unum

259 1591 513 1634 exstitisse
541 1587 768 1635 mirabile
798 1595 893 1643 est,
922 1604 1075 1650 quem
1105 1604 1199 1651 ego
1228 1604 1445 1643 currum,
1474 1595 1563 1634 aut
1590 1604 1742 1650 quam

258 1664 480 1711 lauream
516 1682 630 1712 cum
667 1672 757 1712 tua
791 1665 1084 1712 laudatione
1120 1664 1441 1711 conferrem?
1512 1664 1641 1711 Nam
1679 1665 1741 1712 ad

258 1758 427 1788 meum
445 1757 647 1788 sensum
668 1749 720 1788 et
739 1743 803 1788 ad
820 1742 940 1788 illud
959 1745 1208 1788 sincerum
1228 1758 1284 1788 ac
1302 1741 1486 1788 subtile
1504 1743 1740 1789 iudicium

258 1817 377 1864 nihil
397 1825 568 1880 potest
588 1835 696 1864 esse
716 1818 1032 1874 laudabilius,
1052 1835 1205 1882 quam
1226 1835 1285 1864 ea
1305 1826 1394 1865 tua
1414 1822 1591 1874 oratio,
1610 1835 1740 1882 quae

209 1902 232 1940 2
258 1901 335 1941 est
359 1895 422 1941 ad
442 1911 522 1940 me
548 1899 825 1958 perscripta
850 1913 879 1942 a
902 1899 1026 1942 meis
1051 1899 1357 1942 necessariis.
1415 1895 1514 1942 Sed
1539 1913 1738 1942 causam

255 1987 400 2017 meae
421 1971 710 2026 voluntatis,
731 1989 830 2018 non
855 1976 989 2019 enim
1016 1973 1179 2019 dicam
1204 1972 1513 2034 cupiditatis,
1532 1977 1739 2034 exposui

255 2049 346 2094 tibi
378 2050 714 2110 superioribus
745 2049 960 2104 litteris3
1010 2066 1140 2112 quae
1173 2052 1370 2096 etiamsi
1401 2066 1578 2111 parum
1607 2053 1740 2096 iusta

255 2126 348 2171 tibi
387 2129 490 2171 visa
530 2133 624 2180 est,
664 2125 792 2172 hanc
831 2134 1005 2172 tamen
1044 2126 1201 2173 habet
1239 2129 1505 2182 rationem,
1544 2143 1643 2172 non
1684 2134 1739 2173 ut

255 2205 400 2247 nimis
426 2204 851 2264 concupiscendus
879 2202 1052 2258 honos,
1080 2204 1169 2249 sed
1196 2210 1388 2258 tamen,
1415 2206 1453 2249 si
1481 2202 1739 2249 deferatur

256 2295 283 2324 a
308 2285 507 2334 senatu,
531 2283 736 2325 minime
763 2281 1105 2342 aspernandus
1136 2296 1244 2325 esse
1271 2280 1515 2327 videatur.
1583 2279 1738 2342 Spero

256 2362 427 2401 autem
477 2355 614 2402 illum
661 2357 905 2411 ordinem,
950 2373 1040 2418 pro
1093 2360 1216 2402 meis
1263 2357 1327 2402 ob
1378 2355 1735 2418 rempublicam

498 2552 516 2571 ⁰
548 2548 628 2594 i.e.,
651 2552 694 2586 to
715 2562 738 2587 a
761 2549 968 2598 triumph.
1035 2548 1102 2599 Cf.
1129 2548 1209 2599 Ep.
1235 2552 1272 2587 4.
1301 2550 1349 2587 14
1371 2548 1522 2587 above.

263 2609 355 2658 268
