<?xml version="1.0" encoding="UTF-8"?>
<!DOCTYPE html PUBLIC "-//W3C//DTD XHTML 1.0 Transitional//EN"
    "http://www.w3.org/TR/xhtml1/DTD/xhtml1-transitional.dtd">
<html xmlns="http://www.w3.org/1999/xhtml" xml:lang="en" lang="en">
 <head>
  <title>
</title>
<meta http-equiv="Content-Type" content="text/html;charset=utf-8" />
  <meta name='ocr-system' content='tesseract 3.04.00' />
  <meta name='ocr-capabilities' content='ocr_page ocr_carea ocr_par ocr_line ocrx_word'/>
</head>
<body>
  <div class='ocr_page' id='page_1' title='image "./letterstohisfrie03ciceuoft_0066.png"; bbox 0 0 1868 3040; ppageno 0'>
   <div class='ocr_carea' id='block_1_1' title="bbox 855 207 1106 255">
    <p class='ocr_par' dir='ltr' id='par_1_1' title="bbox 855 207 1106 255">
     <span class='ocr_line' id='line_1_1' title="bbox 855 207 1106 255; baseline 0.004 -1"><span class='ocrx_word' id='word_1_1' title='bbox 855 207 1106 255; x_wconf 79' lang='lat' dir='ltr'>CICERO</span> 
     </span>
    </p>
   </div>
   <div class='ocr_carea' id='block_1_2' title="bbox 238 335 1722 469">
    <p class='ocr_par' dir='ltr' id='par_1_2' title="bbox 238 335 1722 469">
     <span class='ocr_line' id='line_1_2' title="bbox 239 335 1722 399; baseline -0.001 -14"><span class='ocrx_word' id='word_1_2' title='bbox 239 347 326 385; x_wconf 86' lang='lat' dir='ltr'>tua</span> <span class='ocrx_word' id='word_1_3' title='bbox 368 337 738 384; x_wconf 80' lang='lat' dir='ltr'>necessitudine</span> <span class='ocrx_word' id='word_1_4' title='bbox 779 336 1112 399; x_wconf 86' lang='lat' dir='ltr'>dignissimos,</span> <span class='ocrx_word' id='word_1_5' title='bbox 1151 351 1347 382; x_wconf 89' lang='lat' dir='ltr'>summo</span> <span class='ocrx_word' id='word_1_6' title='bbox 1388 335 1633 383; x_wconf 88' lang='lat' dir='ltr'>beneficio</span> <span class='ocrx_word' id='word_1_7' title='bbox 1670 340 1722 384; x_wconf 87' lang='lat' dir='ltr'>in</span> 
     </span>
     <span class='ocr_line' id='line_1_3' title="bbox 238 403 1208 469; baseline -0.003 -16"><span class='ocrx_word' id='word_1_8' title='bbox 238 412 542 469; x_wconf 82' lang='lat' dir='ltr'>perpetuum</span> <span class='ocrx_word' id='word_1_9' title='bbox 566 404 658 450; x_wconf 88' lang='lat' dir='ltr'>tibi</span> <span class='ocrx_word' id='word_1_10' title='bbox 682 406 884 466; x_wconf 85' lang='lat' dir='ltr'>tuisque</span> <span class='ocrx_word' id='word_1_11' title='bbox 907 403 1208 450; x_wconf 88' lang='lat' dir='ltr'>devinxeris.</span> 
     </span>
    </p>
   </div>
   <div class='ocr_carea' id='block_1_3' title="bbox 950 626 1077 674">
    <p class='ocr_par' dir='ltr' id='par_1_3' title="bbox 950 626 1077 674">
     <span class='ocr_line' id='line_1_4' title="bbox 950 626 1077 674; baseline 0 0"><span class='ocrx_word' id='word_1_12' title='bbox 950 626 1077 674; x_wconf 83' lang='lat' dir='ltr'>VIII</span> 
     </span>
    </p>
   </div>
   <div class='ocr_carea' id='block_1_4' title="bbox 590 751 1375 890">
    <p class='ocr_par' dir='ltr' id='par_1_4' title="bbox 590 751 1375 890">
     <span class='ocr_line' id='line_1_5' title="bbox 590 751 1375 785; baseline -0.001 -1"><span class='ocrx_word' id='word_1_13' title='bbox 590 751 645 785; x_wconf 78' lang='lat' dir='ltr'>M.</span> <span class='ocrx_word' id='word_1_14' title='bbox 682 752 726 783; x_wconf 85' lang='lat' dir='ltr'>T.</span> <span class='ocrx_word' id='word_1_15' title='bbox 763 752 803 783; x_wconf 77' lang='lat' dir='ltr'>C·</span> <span class='ocrx_word' id='word_1_16' title='bbox 840 753 877 782; x_wconf 89' lang='lat' dir='ltr'>S.</span> <span class='ocrx_word' id='word_1_17' title='bbox 915 752 958 782; x_wconf 88' lang='lat' dir='ltr'>P.</span> <span class='ocrx_word' id='word_1_18' title='bbox 996 752 1043 783; x_wconf 89' lang='lat' dir='ltr'>D.</span> <span class='ocrx_word' id='word_1_19' title='bbox 1082 751 1135 782; x_wconf 84' lang='grc' dir='ltr'>Μ.</span> <span class='ocrx_word' id='word_1_20' title='bbox 1174 751 1375 783; x_wconf 82' lang='lat' dir='ltr'>RUTlLlo</span> 
     </span>
     <span class='ocr_line' id='line_1_6' title="bbox 761 843 1214 890; baseline 0 -6"><span class='ocrx_word' id='word_1_21' title='bbox 761 843 945 890; x_wconf 85' lang='lat' dir='ltr'>Rornae,</span> <span class='ocrx_word' id='word_1_22' title='bbox 967 858 993 883; x_wconf 79' lang='grc' dir='ltr'>Α</span> <span class='ocrx_word' id='word_1_23' title='bbox 1014 856 1039 883; x_wconf 85' lang='grc' dir='ltr'>υ</span> <span class='ocrx_word' id='word_1_24' title='bbox 1060 856 1096 884; x_wconf 90' lang='lat' dir='ltr'>c.</span> <span class='ocrx_word' id='word_1_25' title='bbox 1120 845 1214 884; x_wconf 84' lang='lat'><strong>709.</strong></span> 
     </span>
    </p>
   </div>
   <div class='ocr_carea' id='block_1_5' title="bbox 191 937 1727 1937">
    <p class='ocr_par' dir='ltr' id='par_1_5' title="bbox 192 937 1727 1670">
     <span class='ocr_line' id='line_1_7' title="bbox 192 937 1725 999; baseline 0.001 -14"><span class='ocrx_word' id='word_1_26' title='bbox 192 949 207 985; x_wconf 88' lang='grc'>1</span> <span class='ocrx_word' id='word_1_27' title='bbox 302 942 429 988; x_wconf 86' lang='lat' dir='ltr'>Cum</span> <span class='ocrx_word' id='word_1_28' title='bbox 466 946 518 986; x_wconf 86' lang='lat' dir='ltr'>et</span> <span class='ocrx_word' id='word_1_29' title='bbox 555 938 674 984; x_wconf 83' lang='lat' dir='ltr'>mihi</span> <span class='ocrx_word' id='word_1_30' title='bbox 710 941 934 984; x_wconf 87' lang='lat' dir='ltr'>conscius</span> <span class='ocrx_word' id='word_1_31' title='bbox 971 954 1151 993; x_wconf 90' lang='lat' dir='ltr'>essem,</span> <span class='ocrx_word' id='word_1_32' title='bbox 1187 941 1363 999; x_wconf 90' lang='lat' dir='ltr'>quanti</span> <span class='ocrx_word' id='word_1_33' title='bbox 1399 944 1453 985; x_wconf 84' lang='lat' dir='ltr'>te</span> <span class='ocrx_word' id='word_1_34' title='bbox 1486 937 1725 997; x_wconf 89' lang='lat' dir='ltr'>facerem,</span> 
     </span>
     <span class='ocr_line' id='line_1_8' title="bbox 239 1005 1725 1069; baseline -0.001 -14"><span class='ocrx_word' id='word_1_35' title='bbox 239 1016 291 1055; x_wconf 90' lang='lat' dir='ltr'>et</span> <span class='ocrx_word' id='word_1_36' title='bbox 314 1015 457 1055; x_wconf 88' lang='lat' dir='ltr'>tuam</span> <span class='ocrx_word' id='word_1_37' title='bbox 481 1023 601 1069; x_wconf 83' lang='lat' dir='ltr'>erga</span> <span class='ocrx_word' id='word_1_38' title='bbox 623 1022 705 1052; x_wconf 90' lang='lat' dir='ltr'>me</span> <span class='ocrx_word' id='word_1_39' title='bbox 728 1005 1135 1052; x_wconf 80' lang='lat' dir='ltr'>benevolentiam</span> <span class='ocrx_word' id='word_1_40' title='bbox 1160 1011 1400 1066; x_wconf 84' lang='lat' dir='ltr'>expertus</span> <span class='ocrx_word' id='word_1_41' title='bbox 1423 1021 1604 1062; x_wconf 90' lang='lat' dir='ltr'>essem,</span> <span class='ocrx_word' id='word_1_42' title='bbox 1624 1024 1725 1055; x_wconf 89' lang='lat' dir='ltr'>non</span> 
     </span>
     <span class='ocr_line' id='line_1_9' title="bbox 239 1071 1723 1135; baseline -0.001 -13"><span class='ocrx_word' id='word_1_43' title='bbox 239 1076 465 1122; x_wconf 90' lang='lat' dir='ltr'>dubitavi</span> <span class='ocrx_word' id='word_1_44' title='bbox 492 1091 520 1119; x_wconf 87' lang='lat' dir='ltr'>a</span> <span class='ocrx_word' id='word_1_45' title='bbox 545 1082 597 1120; x_wconf 90' lang='lat' dir='ltr'>te</span> <span class='ocrx_word' id='word_1_46' title='bbox 618 1080 814 1135; x_wconf 84' lang='lat' dir='ltr'>petere,</span> <span class='ocrx_word' id='word_1_47' title='bbox 839 1072 975 1134; x_wconf 88' lang='lat' dir='ltr'>quod</span> <span class='ocrx_word' id='word_1_48' title='bbox 1000 1071 1117 1117; x_wconf 89' lang='lat' dir='ltr'>mihi</span> <span class='ocrx_word' id='word_1_49' title='bbox 1145 1072 1425 1134; x_wconf 86' lang='lat' dir='ltr'>petendum</span> <span class='ocrx_word' id='word_1_50' title='bbox 1446 1080 1597 1120; x_wconf 87' lang='lat' dir='ltr'>esset.</span> <span class='ocrx_word' id='word_1_51' title='bbox 1668 1074 1723 1121; x_wconf 87' lang='lat' dir='ltr'>P.</span> 
     </span>
     <span class='ocr_line' id='line_1_10' title="bbox 240 1139 1725 1203; baseline -0.001 -14"><span class='ocrx_word' id='word_1_52' title='bbox 240 1143 460 1189; x_wconf 81' lang='lat' dir='ltr'>Sestium</span> <span class='ocrx_word' id='word_1_53' title='bbox 509 1143 683 1203; x_wconf 88' lang='lat' dir='ltr'>quanti</span> <span class='ocrx_word' id='word_1_54' title='bbox 737 1139 937 1191; x_wconf 83' lang='lat' dir='ltr'>faciam,</span> <span class='ocrx_word' id='word_1_55' title='bbox 984 1141 1091 1201; x_wconf 88' lang='lat' dir='ltr'>ipse</span> <span class='ocrx_word' id='word_1_56' title='bbox 1143 1141 1334 1200; x_wconf 88' lang='lat' dir='ltr'>optime</span> <span class='ocrx_word' id='word_1_57' title='bbox 1385 1142 1504 1196; x_wconf 89' lang='lat' dir='ltr'>scio,</span> <span class='ocrx_word' id='word_1_58' title='bbox 1548 1145 1725 1203; x_wconf 91' lang='lat' dir='ltr'>quanti</span> 
     </span>
     <span class='ocr_line' id='line_1_11' title="bbox 240 1205 1722 1261; baseline -0.001 -5"><span class='ocrx_word' id='word_1_59' title='bbox 240 1217 410 1256; x_wconf 85' lang='lat' dir='ltr'>autem</span> <span class='ocrx_word' id='word_1_60' title='bbox 435 1207 599 1254; x_wconf 88' lang='lat' dir='ltr'>facere</span> <span class='ocrx_word' id='word_1_61' title='bbox 622 1206 856 1261; x_wconf 83' lang='lat' dir='ltr'>debeam,</span> <span class='ocrx_word' id='word_1_62' title='bbox 878 1212 930 1252; x_wconf 87' lang='lat' dir='ltr'>et</span> <span class='ocrx_word' id='word_1_63' title='bbox 953 1214 1006 1251; x_wconf 87' lang='lat' dir='ltr'>tu</span> <span class='ocrx_word' id='word_1_64' title='bbox 1031 1215 1083 1252; x_wconf 90' lang='lat' dir='ltr'>et</span> <span class='ocrx_word' id='word_1_65' title='bbox 1103 1222 1277 1252; x_wconf 89' lang='lat' dir='ltr'>omnes</span> <span class='ocrx_word' id='word_1_66' title='bbox 1297 1205 1524 1253; x_wconf 87' lang='lat' dir='ltr'>homines</span> <span class='ocrx_word' id='word_1_67' title='bbox 1544 1210 1722 1255; x_wconf 83' lang='lat' dir='ltr'>sciunt.</span> 
     </span>
     <span class='ocr_line' id='line_1_12' title="bbox 242 1273 1726 1337; baseline 0 -15"><span class='ocrx_word' id='word_1_68' title='bbox 242 1277 288 1322; x_wconf 90' lang='lat' dir='ltr'>Is</span> <span class='ocrx_word' id='word_1_69' title='bbox 312 1293 425 1322; x_wconf 87' lang='lat' dir='ltr'>cum</span> <span class='ocrx_word' id='word_1_70' title='bbox 451 1291 512 1321; x_wconf 84' lang='lat' dir='ltr'>ex</span> <span class='ocrx_word' id='word_1_71' title='bbox 539 1274 643 1320; x_wconf 85' lang='lat' dir='ltr'>aliis</span> <span class='ocrx_word' id='word_1_72' title='bbox 669 1280 721 1319; x_wconf 89' lang='lat' dir='ltr'>te</span> <span class='ocrx_word' id='word_1_73' title='bbox 746 1276 845 1319; x_wconf 91' lang='lat' dir='ltr'>mei</span> <span class='ocrx_word' id='word_1_74' title='bbox 867 1273 1284 1319; x_wconf 85' lang='lat' dir='ltr'>studiosissimum</span> <span class='ocrx_word' id='word_1_75' title='bbox 1310 1289 1419 1319; x_wconf 89' lang='lat' dir='ltr'>esse</span> <span class='ocrx_word' id='word_1_76' title='bbox 1442 1282 1726 1337; x_wconf 83' lang='lat' dir='ltr'>cognosset,</span> 
     </span>
     <span class='ocr_line' id='line_1_13' title="bbox 240 1340 1725 1405; baseline -0.001 -16"><span class='ocrx_word' id='word_1_77' title='bbox 240 1346 419 1405; x_wconf 83' lang='lat' dir='ltr'>petivit</span> <span class='ocrx_word' id='word_1_78' title='bbox 447 1358 475 1388; x_wconf 91' lang='lat' dir='ltr'>a</span> <span class='ocrx_word' id='word_1_79' title='bbox 501 1358 601 1393; x_wconf 89' lang='lat' dir='ltr'>me,</span> <span class='ocrx_word' id='word_1_80' title='bbox 628 1347 685 1387; x_wconf 87' lang='lat' dir='ltr'>ut</span> <span class='ocrx_word' id='word_1_81' title='bbox 712 1340 775 1387; x_wconf 93' lang='lat' dir='ltr'>ad</span> <span class='ocrx_word' id='word_1_82' title='bbox 803 1347 854 1386; x_wconf 89' lang='lat' dir='ltr'>te</span> <span class='ocrx_word' id='word_1_83' title='bbox 882 1355 1032 1402; x_wconf 90' lang='lat' dir='ltr'>quam</span> <span class='ocrx_word' id='word_1_84' title='bbox 1061 1342 1432 1387; x_wconf 83' lang='lat' dir='ltr'>accuratissime</span> <span class='ocrx_word' id='word_1_85' title='bbox 1456 1341 1725 1388; x_wconf 86' lang='lat' dir='ltr'>scriberem</span> 
     </span>
     <span class='ocr_line' id='line_1_14' title="bbox 240 1406 1727 1462; baseline 0 -6"><span class='ocrx_word' id='word_1_86' title='bbox 240 1411 303 1456; x_wconf 90' lang='lat' dir='ltr'>de</span> <span class='ocrx_word' id='word_1_87' title='bbox 340 1426 393 1455; x_wconf 95' lang='lat' dir='ltr'>re</span> <span class='ocrx_word' id='word_1_88' title='bbox 431 1408 484 1454; x_wconf 90' lang='lat' dir='ltr'>C.</span> <span class='ocrx_word' id='word_1_89' title='bbox 526 1408 694 1454; x_wconf 88' lang='lat' dir='ltr'>Albini</span> <span class='ocrx_word' id='word_1_90' title='bbox 735 1409 998 1462; x_wconf 88' lang='lat' dir='ltr'>senatoris,</span> <span class='ocrx_word' id='word_1_91' title='bbox 1033 1409 1171 1453; x_wconf 87' lang='lat' dir='ltr'>cuius</span> <span class='ocrx_word' id='word_1_92' title='bbox 1214 1422 1277 1452; x_wconf 88' lang='lat' dir='ltr'>ex</span> <span class='ocrx_word' id='word_1_93' title='bbox 1317 1406 1416 1453; x_wconf 84' lang='lat' dir='ltr'>filia</span> <span class='ocrx_word' id='word_1_94' title='bbox 1458 1415 1606 1454; x_wconf 86' lang='lat' dir='ltr'>natus</span> <span class='ocrx_word' id='word_1_95' title='bbox 1648 1416 1727 1456; x_wconf 81' lang='lat' dir='ltr'>est</span> 
     </span>
     <span class='ocr_line' id='line_1_15' title="bbox 243 1472 1726 1536; baseline -0.001 -13"><span class='ocrx_word' id='word_1_96' title='bbox 243 1477 297 1523; x_wconf 95' lang='lat' dir='ltr'>L.</span> <span class='ocrx_word' id='word_1_97' title='bbox 330 1476 539 1530; x_wconf 87' lang='lat' dir='ltr'>Sestius,</span> <span class='ocrx_word' id='word_1_98' title='bbox 569 1478 788 1536; x_wconf 89' lang='lat' dir='ltr'>optimus</span> <span class='ocrx_word' id='word_1_99' title='bbox 819 1473 1127 1529; x_wconf 86' lang='lat' dir='ltr'>adolescens,</span> <span class='ocrx_word' id='word_1_100' title='bbox 1157 1472 1284 1519; x_wconf 89' lang='lat' dir='ltr'>filius</span> <span class='ocrx_word' id='word_1_101' title='bbox 1315 1473 1368 1520; x_wconf 92' lang='lat' dir='ltr'>P.</span> <span class='ocrx_word' id='word_1_102' title='bbox 1401 1473 1547 1521; x_wconf 87' lang='lat' dir='ltr'>Sesti.</span> <span class='ocrx_word' id='word_1_103' title='bbox 1616 1475 1726 1522; x_wconf 89' lang='lat' dir='ltr'>Hoc</span> 
     </span>
     <span class='ocr_line' id='line_1_16' title="bbox 238 1540 1721 1604; baseline -0.001 -14"><span class='ocrx_word' id='word_1_104' title='bbox 238 1544 420 1590; x_wconf 87' lang='lat' dir='ltr'>idcirco</span> <span class='ocrx_word' id='word_1_105' title='bbox 449 1545 637 1604; x_wconf 77' lang='lat' dir='ltr'>scripsi,</span> <span class='ocrx_word' id='word_1_106' title='bbox 667 1548 724 1587; x_wconf 82' lang='lat' dir='ltr'>ut</span> <span class='ocrx_word' id='word_1_107' title='bbox 751 1540 1093 1604; x_wconf 77' lang='lat' dir='ltr'>intellegeres,</span> <span class='ocrx_word' id='word_1_108' title='bbox 1122 1557 1221 1586; x_wconf 89' lang='lat' dir='ltr'>non</span> <span class='ocrx_word' id='word_1_109' title='bbox 1250 1540 1410 1586; x_wconf 89' lang='lat' dir='ltr'>solum</span> <span class='ocrx_word' id='word_1_110' title='bbox 1439 1558 1520 1588; x_wconf 90' lang='lat' dir='ltr'>me</span> <span class='ocrx_word' id='word_1_111' title='bbox 1550 1558 1639 1603; x_wconf 91' lang='lat' dir='ltr'>pro</span> <span class='ocrx_word' id='word_1_112' title='bbox 1669 1542 1721 1589; x_wconf 90' lang='lat' dir='ltr'>P.</span> 
     </span>
     <span class='ocr_line' id='line_1_17' title="bbox 239 1606 1724 1670; baseline -0.001 -14"><span class='ocrx_word' id='word_1_113' title='bbox 239 1611 402 1656; x_wconf 81' lang='lat' dir='ltr'>Sestio</span> <span class='ocrx_word' id='word_1_114' title='bbox 438 1610 665 1656; x_wconf 87' lang='lat' dir='ltr'>laborare</span> <span class='ocrx_word' id='word_1_115' title='bbox 701 1608 907 1663; x_wconf 83' lang='lat' dir='ltr'>debere,</span> <span class='ocrx_word' id='word_1_116' title='bbox 942 1608 1033 1654; x_wconf 89' lang='lat' dir='ltr'>sed</span> <span class='ocrx_word' id='word_1_117' title='bbox 1068 1606 1288 1653; x_wconf 84' lang='lat' dir='ltr'>Sestium</span> <span class='ocrx_word' id='word_1_118' title='bbox 1325 1611 1479 1654; x_wconf 87' lang='lat' dir='ltr'>etiam</span> <span class='ocrx_word' id='word_1_119' title='bbox 1514 1625 1604 1670; x_wconf 90' lang='lat' dir='ltr'>pro</span> <span class='ocrx_word' id='word_1_120' title='bbox 1640 1609 1724 1655; x_wconf 92' lang='lat' dir='ltr'>Al-</span> 
     </span>
    </p>

    <p class='ocr_par' dir='ltr' id='par_1_6' title="bbox 191 1673 1723 1937">
     <span class='ocr_line' id='line_1_18' title="bbox 191 1673 1722 1724; baseline -0.001 0"><span class='ocrx_word' id='word_1_121' title='bbox 191 1686 215 1724; x_wconf 84' lang='lat'><strong>2</strong></span> <span class='ocrx_word' id='word_1_122' title='bbox 240 1679 390 1724; x_wconf 89' lang='lat' dir='ltr'>binio.</span> <span class='ocrx_word' id='word_1_123' title='bbox 460 1676 558 1723; x_wconf 89' lang='lat' dir='ltr'>Res</span> <span class='ocrx_word' id='word_1_124' title='bbox 610 1682 783 1721; x_wconf 89' lang='lat' dir='ltr'>autem</span> <span class='ocrx_word' id='word_1_125' title='bbox 835 1681 913 1721; x_wconf 87' lang='lat' dir='ltr'>est</span> <span class='ocrx_word' id='word_1_126' title='bbox 963 1673 1088 1720; x_wconf 90' lang='lat' dir='ltr'>haec</span> <span class='ocrx_word' id='word_1_127' title='bbox 1113 1690 1122 1719; x_wconf 79' lang='lat' dir='ltr'>z</span> <span class='ocrx_word' id='word_1_128' title='bbox 1193 1691 1222 1720; x_wconf 90' lang='lat' dir='ltr'>a</span> <span class='ocrx_word' id='word_1_129' title='bbox 1275 1674 1349 1720; x_wconf 92' lang='lat' dir='ltr'>M.</span> <span class='ocrx_word' id='word_1_130' title='bbox 1402 1674 1618 1722; x_wconf 88' lang='lat' dir='ltr'>Laberio</span> <span class='ocrx_word' id='word_1_131' title='bbox 1667 1676 1722 1723; x_wconf 93' lang='lat' dir='ltr'>C.</span> 
     </span>
     <span class='ocr_line' id='line_1_19' title="bbox 240 1742 1723 1805; baseline -0.001 -14"><span class='ocrx_word' id='word_1_132' title='bbox 240 1745 470 1791; x_wconf 76' lang='lat' dir='ltr'>Albinius</span> <span class='ocrx_word' id='word_1_133' title='bbox 518 1742 725 1805; x_wconf 87' lang='lat' dir='ltr'>praedia</span> <span class='ocrx_word' id='word_1_134' title='bbox 769 1745 821 1787; x_wconf 89' lang='lat' dir='ltr'>in</span> <span class='ocrx_word' id='word_1_135' title='bbox 868 1744 1274 1788; x_wconf 87' lang='lat' dir='ltr'>aestimationem</span> <span class='ocrx_word' id='word_1_136' title='bbox 1321 1745 1533 1804; x_wconf 76' lang='lat' dir='ltr'>accepit,</span> <span class='ocrx_word' id='word_1_137' title='bbox 1593 1759 1723 1805; x_wconf 87' lang='lat' dir='ltr'>quae</span> 
     </span>
     <span class='ocr_line' id='line_1_20' title="bbox 239 1808 1723 1873; baseline 0 -16"><span class='ocrx_word' id='word_1_138' title='bbox 239 1812 445 1873; x_wconf 89' lang='lat' dir='ltr'>praedia</span> <span class='ocrx_word' id='word_1_139' title='bbox 468 1810 708 1855; x_wconf 90' lang='lat' dir='ltr'>Laberius</span> <span class='ocrx_word' id='word_1_140' title='bbox 729 1815 923 1854; x_wconf 88' lang='lat' dir='ltr'>emerat</span> <span class='ocrx_word' id='word_1_141' title='bbox 942 1825 971 1854; x_wconf 91' lang='lat' dir='ltr'>a</span> <span class='ocrx_word' id='word_1_142' title='bbox 990 1808 1205 1854; x_wconf 89' lang='lat' dir='ltr'>Caesare</span> <span class='ocrx_word' id='word_1_143' title='bbox 1224 1808 1288 1854; x_wconf 89' lang='lat' dir='ltr'>de</span> <span class='ocrx_word' id='word_1_144' title='bbox 1306 1808 1449 1855; x_wconf 92' lang='lat' dir='ltr'>bonis</span> <span class='ocrx_word' id='word_1_145' title='bbox 1467 1808 1723 1857; x_wconf 86' lang='lat' dir='ltr'>Plotianis.</span> 
     </span>
     <span class='ocr_line' id='line_1_21' title="bbox 240 1875 1723 1937; baseline 0 -13"><span class='ocrx_word' id='word_1_146' title='bbox 240 1879 315 1924; x_wconf 90' lang='lat' dir='ltr'>Ea</span> <span class='ocrx_word' id='word_1_147' title='bbox 350 1881 389 1924; x_wconf 92' lang='lat' dir='ltr'>si</span> <span class='ocrx_word' id='word_1_148' title='bbox 424 1878 586 1924; x_wconf 91' lang='lat' dir='ltr'>dicam</span> <span class='ocrx_word' id='word_1_149' title='bbox 621 1893 720 1922; x_wconf 92' lang='lat' dir='ltr'>non</span> <span class='ocrx_word' id='word_1_150' title='bbox 756 1892 865 1921; x_wconf 91' lang='lat' dir='ltr'>esse</span> <span class='ocrx_word' id='word_1_151' title='bbox 901 1891 929 1921; x_wconf 88' lang='lat' dir='ltr'>e</span> <span class='ocrx_word' id='word_1_152' title='bbox 961 1875 1220 1937; x_wconf 88' lang='lat' dir='ltr'>republica</span> <span class='ocrx_word' id='word_1_153' title='bbox 1252 1875 1423 1930; x_wconf 86' lang='lat' dir='ltr'>dividi,</span> <span class='ocrx_word' id='word_1_154' title='bbox 1456 1875 1636 1923; x_wconf 90' lang='lat' dir='ltr'>docere</span> <span class='ocrx_word' id='word_1_155' title='bbox 1669 1884 1723 1924; x_wconf 88' lang='lat' dir='ltr'>te</span> 
     </span>
    </p>
   </div>
   <div class='ocr_carea' id='block_1_6' title="bbox 303 1971 1723 2014">
    <p class='ocr_par' dir='ltr' id='par_1_7' title="bbox 303 1971 1723 2014">
     <span class='ocr_line' id='line_1_22' title="bbox 303 1971 1723 2014; baseline -0.001 0"><span class='ocrx_word' id='word_1_156' title='bbox 303 1980 321 1999; x_wconf 83' lang='lat'><strong>⁰</strong></span> <span class='ocrx_word' id='word_1_157' title='bbox 350 1974 491 2014; x_wconf 85' lang='lat' dir='ltr'>There</span> <span class='ocrx_word' id='word_1_158' title='bbox 530 1975 565 2014; x_wconf 92' lang='lat' dir='ltr'>is</span> <span class='ocrx_word' id='word_1_159' title='bbox 606 1987 663 2013; x_wconf 91' lang='lat' dir='ltr'>no</span> <span class='ocrx_word' id='word_1_160' title='bbox 703 1972 828 2012; x_wconf 87' lang='lat' dir='ltr'>other</span> <span class='ocrx_word' id='word_1_161' title='bbox 866 1973 1085 2012; x_wconf 87' lang='lat' dir='ltr'>reference</span> <span class='ocrx_word' id='word_1_162' title='bbox 1125 1973 1168 2011; x_wconf 92' lang='lat' dir='ltr'>in</span> <span class='ocrx_word' id='word_1_163' title='bbox 1209 1971 1331 2012; x_wconf 88' lang='lat' dir='ltr'>these</span> <span class='ocrx_word' id='word_1_164' title='bbox 1368 1971 1514 2012; x_wconf 83' lang='lat' dir='ltr'>letters</span> <span class='ocrx_word' id='word_1_165' title='bbox 1553 1975 1599 2013; x_wconf 87' lang='lat' dir='ltr'>to</span> <span class='ocrx_word' id='word_1_166' title='bbox 1636 1973 1723 2014; x_wconf 87' lang='lat' dir='ltr'>this</span> 
     </span>
    </p>
   </div>
   <div class='ocr_carea' id='block_1_7' title="bbox 243 2028 1724 2618">
    <p class='ocr_par' dir='ltr' id='par_1_8' title="bbox 245 2028 452 2069">
     <span class='ocr_line' id='line_1_23' title="bbox 245 2028 452 2069; baseline -0.01 0"><span class='ocrx_word' id='word_1_167' title='bbox 245 2028 452 2069; x_wconf 87' lang='lat' dir='ltr'>Rutilius.</span> 
     </span>
    </p>

    <p class='ocr_par' dir='ltr' id='par_1_9' title="bbox 243 2078 1724 2394">
     <span class='ocr_line' id='line_1_24' title="bbox 307 2078 1724 2131; baseline 0 -10"><span class='ocrx_word' id='word_1_168' title='bbox 307 2083 321 2106; x_wconf 72' lang='lat'>‘²</span> <span class='ocrx_word' id='word_1_169' title='bbox 351 2082 570 2131; x_wconf 78' lang='lat' dir='ltr'>Quaestor</span> <span class='ocrx_word' id='word_1_170' title='bbox 590 2082 633 2120; x_wconf 91' lang='lat' dir='ltr'>in</span> <span class='ocrx_word' id='word_1_171' title='bbox 656 2083 724 2126; x_wconf 80' lang='lat'>63,</span> <span class='ocrx_word' id='word_1_172' title='bbox 746 2079 835 2119; x_wconf 86' lang='lat' dir='ltr'>and</span> <span class='ocrx_word' id='word_1_173' title='bbox 855 2079 1031 2119; x_wconf 88' lang='lat' dir='ltr'>tribune</span> <span class='ocrx_word' id='word_1_174' title='bbox 1051 2080 1101 2119; x_wconf 85' lang='lat' dir='ltr'>of</span> <span class='ocrx_word' id='word_1_175' title='bbox 1117 2079 1190 2119; x_wconf 84' lang='lat' dir='ltr'>the</span> <span class='ocrx_word' id='word_1_176' title='bbox 1212 2078 1335 2130; x_wconf 88' lang='lat' dir='ltr'>plebs</span> <span class='ocrx_word' id='word_1_177' title='bbox 1356 2080 1399 2118; x_wconf 89' lang='lat' dir='ltr'>in</span> <span class='ocrx_word' id='word_1_178' title='bbox 1421 2082 1490 2123; x_wconf 80' lang='lat'>57.</span> <span class='ocrx_word' id='word_1_179' title='bbox 1514 2079 1638 2120; x_wconf 89' lang='lat' dir='ltr'>when</span> <span class='ocrx_word' id='word_1_180' title='bbox 1669 2080 1724 2121; x_wconf 86' lang='lat' dir='ltr'>he</span> 
     </span>
     <span class='ocr_line' id='line_1_25' title="bbox 243 2132 1722 2187; baseline -0.001 -11"><span class='ocrx_word' id='word_1_181' title='bbox 243 2136 443 2187; x_wconf 82' lang='lat' dir='ltr'>strongly</span> <span class='ocrx_word' id='word_1_182' title='bbox 473 2134 714 2187; x_wconf 86' lang='lat' dir='ltr'>supported</span> <span class='ocrx_word' id='word_1_183' title='bbox 746 2133 936 2174; x_wconf 87' lang='lat' dir='ltr'>Cicero’s</span> <span class='ocrx_word' id='word_1_184' title='bbox 965 2132 1124 2177; x_wconf 75' lang='lat' dir='ltr'>recall:</span> <span class='ocrx_word' id='word_1_185' title='bbox 1173 2134 1216 2172; x_wconf 91' lang='lat' dir='ltr'>in</span> <span class='ocrx_word' id='word_1_186' title='bbox 1247 2135 1302 2173; x_wconf 87' lang='lat'>56</span> <span class='ocrx_word' id='word_1_187' title='bbox 1334 2133 1388 2174; x_wconf 91' lang='lat' dir='ltr'>he</span> <span class='ocrx_word' id='word_1_188' title='bbox 1418 2147 1508 2173; x_wconf 86' lang='lat' dir='ltr'>was</span> <span class='ocrx_word' id='word_1_189' title='bbox 1535 2134 1722 2175; x_wconf 86' lang='lat' dir='ltr'>accused</span> 
     </span>
     <span class='ocr_line' id='line_1_26' title="bbox 244 2186 1723 2240; baseline 0 -10"><span class='ocrx_word' id='word_1_190' title='bbox 244 2191 294 2230; x_wconf 92' lang='lat' dir='ltr'>of</span> <span class='ocrx_word' id='word_1_191' title='bbox 311 2191 376 2230; x_wconf 77' lang='lat' dir='ltr'>vis</span> <span class='ocrx_word' id='word_1_192' title='bbox 397 2203 453 2230; x_wconf 91' lang='lat' dir='ltr'>on</span> <span class='ocrx_word' id='word_1_193' title='bbox 475 2193 665 2229; x_wconf 86' lang='lat' dir='ltr'>account</span> <span class='ocrx_word' id='word_1_194' title='bbox 683 2189 734 2228; x_wconf 83' lang='lat' dir='ltr'>of</span> <span class='ocrx_word' id='word_1_195' title='bbox 750 2187 822 2228; x_wconf 91' lang='lat' dir='ltr'>the</span> <span class='ocrx_word' id='word_1_196' title='bbox 842 2186 1036 2227; x_wconf 90' lang='lat' dir='ltr'>violence</span> <span class='ocrx_word' id='word_1_197' title='bbox 1056 2186 1160 2227; x_wconf 82' lang='lat' dir='ltr'>with</span> <span class='ocrx_word' id='word_1_198' title='bbox 1181 2186 1323 2227; x_wconf 89' lang='lat' dir='ltr'>which</span> <span class='ocrx_word' id='word_1_199' title='bbox 1344 2186 1399 2228; x_wconf 90' lang='lat' dir='ltr'>he</span> <span class='ocrx_word' id='word_1_200' title='bbox 1419 2186 1507 2228; x_wconf 88' lang='lat' dir='ltr'>had</span> <span class='ocrx_word' id='word_1_201' title='bbox 1526 2201 1552 2228; x_wconf 93' lang='lat' dir='ltr'>o</span> <span class='ocrx_word' id='word_1_202' title='bbox 1587 2188 1723 2240; x_wconf 88' lang='lat' dir='ltr'>posed</span> 
     </span>
     <span class='ocr_line' id='line_1_27' title="bbox 247 2240 1723 2295; baseline -0.001 -12"><span class='ocrx_word' id='word_1_203' title='bbox 247 2244 295 2285; x_wconf 82' lang='lat' dir='ltr'>P.</span> <span class='ocrx_word' id='word_1_204' title='bbox 332 2243 513 2284; x_wconf 90' lang='lat' dir='ltr'>Clodius</span> <span class='ocrx_word' id='word_1_205' title='bbox 548 2244 593 2283; x_wconf 91' lang='lat' dir='ltr'>in</span> <span class='ocrx_word' id='word_1_206' title='bbox 629 2242 703 2282; x_wconf 90' lang='lat' dir='ltr'>the</span> <span class='ocrx_word' id='word_1_207' title='bbox 738 2240 978 2294; x_wconf 86' lang='lat' dir='ltr'>preceding</span> <span class='ocrx_word' id='word_1_208' title='bbox 1013 2254 1132 2292; x_wconf 85' lang='lat' dir='ltr'>year,</span> <span class='ocrx_word' id='word_1_209' title='bbox 1168 2240 1249 2280; x_wconf 90' lang='lat' dir='ltr'>but</span> <span class='ocrx_word' id='word_1_210' title='bbox 1284 2254 1374 2281; x_wconf 85' lang='lat' dir='ltr'>was</span> <span class='ocrx_word' id='word_1_211' title='bbox 1408 2240 1537 2282; x_wconf 90' lang='lat' dir='ltr'>defen</span> <span class='ocrx_word' id='word_1_212' title='bbox 1573 2241 1627 2282; x_wconf 91' lang='lat' dir='ltr'>ed</span> <span class='ocrx_word' id='word_1_213' title='bbox 1661 2242 1723 2295; x_wconf 89' lang='lat' dir='ltr'>by</span> 
     </span>
     <span class='ocr_line' id='line_1_28' title="bbox 246 2294 1723 2348; baseline -0.001 -10"><span class='ocrx_word' id='word_1_214' title='bbox 246 2298 397 2338; x_wconf 79' lang='lat' dir='ltr'>Cicero</span> <span class='ocrx_word' id='word_1_215' title='bbox 444 2297 553 2348; x_wconf 91' lang='lat' dir='ltr'>(Pro</span> <span class='ocrx_word' id='word_1_216' title='bbox 592 2296 747 2344; x_wconf 74' lang='lat' dir='ltr'>Sestio)</span> <span class='ocrx_word' id='word_1_217' title='bbox 785 2294 873 2334; x_wconf 90' lang='lat' dir='ltr'>and</span> <span class='ocrx_word' id='word_1_218' title='bbox 912 2294 1151 2347; x_wconf 88' lang='lat' dir='ltr'>acquitted.</span> <span class='ocrx_word' id='word_1_219' title='bbox 1210 2294 1292 2335; x_wconf 88' lang='lat' dir='ltr'>His</span> <span class='ocrx_word' id='word_1_220' title='bbox 1338 2307 1417 2335; x_wconf 88' lang='lat' dir='ltr'>son</span> <span class='ocrx_word' id='word_1_221' title='bbox 1466 2295 1517 2336; x_wconf 91' lang='lat' dir='ltr'>L.</span> <span class='ocrx_word' id='word_1_222' title='bbox 1555 2295 1723 2337; x_wconf 88' lang='lat' dir='ltr'>Sestius</span> 
     </span>
     <span class='ocr_line' id='line_1_29' title="bbox 246 2348 1326 2394; baseline -0.004 -2"><span class='ocrx_word' id='word_1_223' title='bbox 246 2353 281 2392; x_wconf 87' lang='lat' dir='ltr'>is</span> <span class='ocrx_word' id='word_1_224' title='bbox 301 2351 375 2391; x_wconf 87' lang='lat' dir='ltr'>the</span> <span class='ocrx_word' id='word_1_225' title='bbox 397 2351 421 2366; x_wconf 73' lang='lat'>‘⁸</span> <span class='ocrx_word' id='word_1_226' title='bbox 445 2350 481 2390; x_wconf 87' lang='lat' dir='ltr'><strong><em>O</em></strong></span> <span class='ocrx_word' id='word_1_227' title='bbox 502 2350 615 2390; x_wconf 76' lang='lat' dir='ltr'>beate</span> <span class='ocrx_word' id='word_1_228' title='bbox 637 2349 751 2389; x_wconf 75' lang='lat' dir='ltr'>Sesti</span> <span class='ocrx_word' id='word_1_229' title='bbox 770 2348 795 2364; x_wconf 90' lang='lat'>’&#39;</span> <span class='ocrx_word' id='word_1_230' title='bbox 818 2351 862 2388; x_wconf 92' lang='lat' dir='ltr'>in</span> <span class='ocrx_word' id='word_1_231' title='bbox 885 2349 1095 2388; x_wconf 82' lang='lat' dir='ltr'>Horace&#39;s</span> <span class='ocrx_word' id='word_1_232' title='bbox 1117 2348 1214 2394; x_wconf 86' lang='lat' dir='ltr'>ode,</span> <span class='ocrx_word' id='word_1_233' title='bbox 1236 2350 1264 2388; x_wconf 91' lang='lat' dir='ltr'>i.</span> <span class='ocrx_word' id='word_1_234' title='bbox 1284 2351 1326 2389; x_wconf 87' lang='lat'>4.</span> 
     </span>
    </p>

    <p class='ocr_par' dir='ltr' id='par_1_10' title="bbox 304 2404 1215 2445">
     <span class='ocr_line' id='line_1_30' title="bbox 304 2404 1215 2445; baseline -0.003 0"><span class='ocrx_word' id='word_1_235' title='bbox 304 2411 319 2430; x_wconf 77' lang='lat'>⁶</span> <span class='ocrx_word' id='word_1_236' title='bbox 350 2404 436 2445; x_wconf 86' lang='lat' dir='ltr'>For</span> <span class='ocrx_word' id='word_1_237' title='bbox 455 2404 700 2444; x_wconf 76' lang='lat' dir='ltr'>aestimatio</span> <span class='ocrx_word' id='word_1_238' title='bbox 721 2416 791 2442; x_wconf 87' lang='lat' dir='ltr'>see</span> <span class='ocrx_word' id='word_1_239' title='bbox 814 2407 914 2442; x_wconf 90' lang='lat' dir='ltr'>note</span> <span class='ocrx_word' id='word_1_240' title='bbox 938 2407 981 2442; x_wconf 94' lang='lat' dir='ltr'>to</span> <span class='ocrx_word' id='word_1_241' title='bbox 1004 2404 1059 2442; x_wconf 84' lang='lat' dir='ltr'>ix.</span> <span class='ocrx_word' id='word_1_242' title='bbox 1089 2405 1151 2442; x_wconf 90' lang='lat'>16.</span> <span class='ocrx_word' id='word_1_243' title='bbox 1175 2405 1215 2441; x_wconf 84' lang='lat'>7.</span> 
     </span>
    </p>

    <p class='ocr_par' dir='ltr' id='par_1_11' title="bbox 244 2454 1724 2618">
     <span class='ocr_line' id='line_1_31' title="bbox 306 2454 1724 2509; baseline -0.001 -11"><span class='ocrx_word' id='word_1_244' title='bbox 306 2458 324 2481; x_wconf 77' lang='lat'>‘²</span> <span class='ocrx_word' id='word_1_245' title='bbox 352 2458 561 2498; x_wconf 73' lang='lat' dir='ltr'>Dividere</span> <span class='ocrx_word' id='word_1_246' title='bbox 584 2457 698 2502; x_wconf 88' lang='lat' dir='ltr'>here,</span> <span class='ocrx_word' id='word_1_247' title='bbox 719 2456 806 2496; x_wconf 90' lang='lat' dir='ltr'>and</span> <span class='ocrx_word' id='word_1_248' title='bbox 835 2455 988 2500; x_wconf 85' lang='lat' dir='ltr'>below,</span> <span class='ocrx_word' id='word_1_249' title='bbox 1019 2457 1309 2503; x_wconf 61' lang='lat' dir='ltr'>:dii-endere,</span> <span class='ocrx_word' id='word_1_250' title='bbox 1332 2459 1418 2496; x_wconf 86' lang='lat' dir='ltr'>“to</span> <span class='ocrx_word' id='word_1_251' title='bbox 1443 2454 1636 2507; x_wconf 89' lang='lat' dir='ltr'>disperse</span> <span class='ocrx_word' id='word_1_252' title='bbox 1663 2455 1724 2509; x_wconf 92' lang='lat' dir='ltr'>by</span> 
     </span>
     <span class='ocr_line' id='line_1_32' title="bbox 247 2508 1723 2564; baseline 0 -13"><span class='ocrx_word' id='word_1_253' title='bbox 247 2512 404 2564; x_wconf 80' lang='lat' dir='ltr'>selling</span> <span class='ocrx_word' id='word_1_254' title='bbox 452 2510 733 2563; x_wconf 78' lang='lat' dir='ltr'>piecemeal,&#39;&#39;</span> <span class='ocrx_word' id='word_1_255' title='bbox 777 2510 897 2550; x_wconf 71' lang='lat' dir='ltr'>uhcn</span> <span class='ocrx_word' id='word_1_256' title='bbox 943 2510 1014 2550; x_wconf 88' lang='lat' dir='ltr'>the</span> <span class='ocrx_word' id='word_1_257' title='bbox 1052 2508 1240 2562; x_wconf 85' lang='lat' dir='ltr'>original</span> <span class='ocrx_word' id='word_1_258' title='bbox 1285 2509 1532 2562; x_wconf 81' lang='lat' dir='ltr'>ownership</span> <span class='ocrx_word' id='word_1_259' title='bbox 1579 2509 1723 2551; x_wconf 91' lang='lat' dir='ltr'>would</span> 
     </span>
     <span class='ocr_line' id='line_1_33' title="bbox 244 2565 493 2618; baseline -0.004 -12"><span class='ocrx_word' id='word_1_260' title='bbox 244 2565 493 2618; x_wconf 86' lang='lat' dir='ltr'>disappear.</span> 
     </span>
    </p>
   </div>
   <div class='ocr_carea' id='block_1_8' title="bbox 253 2635 315 2676">
    <p class='ocr_par' dir='ltr' id='par_1_12' title="bbox 253 2635 315 2676">
     <span class='ocr_line' id='line_1_34' title="bbox 253 2635 315 2676; baseline 0.032 -2"><span class='ocrx_word' id='word_1_261' title='bbox 253 2635 315 2676; x_wconf 73' lang='lat'>:34</span> 
     </span>
    </p>
   </div>
  </div>
 </body>
</html>
