1837 3029
833 191 1084 239 CICERO

219 319 401 384 Itaque
432 338 548 368 eum
580 321 771 368 Romae
800 321 1130 368 libentissime
1160 321 1275 369 vidi.
1344 321 1540 369 Non1te
1571 324 1705 369 enim

218 406 367 472 fugit,
401 412 486 471 qui
519 409 742 472 plurimis
775 412 826 454 in
859 412 956 454 ista
989 412 1241 471 provincia
1273 394 1494 473 benigne
1527 407 1707 464 fecisti,

169 502 195 541 2
219 512 370 558 quam
432 495 578 544 multi
639 498 772 561 grati
834 499 1165 558 reperiantur.
1235 486 1707 560 Haechprop't'erea

218 587 406 646 scripsi,
425 591 483 631 ut
509 591 562 630 et
587 600 669 630 me
695 600 795 630 non
819 587 925 630 sine
946 600 1096 630 causa
1120 584 1347 630 laborare
1367 584 1708 647 intellegeres,

219 678 273 717 et
288 679 344 717 tu
361 675 466 732 ipse
484 687 598 717 eum
616 671 825 734 (lignum
841 670 1058 733 hospitio
1075 678 1163 717 tuo
1180 671 1439 718 iudicares.
1512 671 1708 717 Feceris

218 761 372 821 igitur
402 757 523 804 mihi
555 761 914 822 gratissimum,
946 761 986 804 si
1020 760 1065 804 ei
1099 758 1382 814 declararis,
1415 762 1592 822 quanti
1625 774 1706 806 me

218 844 388 901 facias,
426 846 479 893 id
517 853 612 901 est,
651 849 690 892 si
728 849 978 908 receperis
1018 862 1135 892 eum
1173 849 1224 892 in
1264 846 1415 892 fidem
1455 853 1598 892 tuam
1637 853 1708 902 et,

218 934 618 996 quibuscumque
658 935 807 980 rebus
848 933 1062 980 honeste
1103 950 1161 980 ac
1199 937 1306 980 sine
1347 933 1579 980 molestia
1618 940 1708 980 tua

218 1024 424 1083 poteris,
441 1021 703 1067 adiuveris.
736 1030 739 1031 ’
774 1020 882 1067 Hoc
899 1020 1018 1066 mihi
1036 1025 1130 1068 erit
1147 1020 1706 1084 vehementergratum‚

218 1107 369 1170 idque
399 1115 455 1154 ut
483 1107 652 1163 facias,
680 1115 733 1155 te
763 1113 915 1154 etiam
947 1116 1101 1171 atque
1131 1112 1284 1154 etiam
1313 1124 1449 1171 rogo.

275 1450 330 1484 Μ.
357 1452 402 1484 Τ.
435 1453 475 1484 C.
506 1452 543 1484 S.
577 1453 623 1484 D.
655 1453 699 1485 Ρ.
729 1452 953 1483 SERVILIO
985 1452 1210 1483 ISAURICO
1241 1452 1379 1483 PROC.
1411 1451 1651 1483 COLLEGAE

734 1544 917 1591 Romae,
944 1557 1074 1584 A.U.c.
1098 1546 1193 1585 708.

172 1656 192 1697 l
279 1650 469 1696 Gratae
499 1649 619 1696 mihi
649 1649 980 1696 vehementer
1008 1657 1128 1696 tuae
1157 1649 1359 1696 litterae
1388 1648 1611 1705 fuerunt,
1640 1665 1702 1695 ex

215 1739 395 1800 quibus
435 1740 643 1801 cognovi
684 1754 854 1783 cursus
894 1740 1272 1800 navigationum
1311 1743 1528 1783 tuarum.
1596 1735 1703 1800 Sig-

216 1825 452 1870 nificabas
491 1828 625 1870 enim
667 1828 961 1870 memoriam
1003 1832 1147 1870 tuam
1188 1825 1390 1871 nostrae
1433 1827 1704 1871 necessitu-

216 1912 362 1968 dinis,
391 1928 492 1975 qua
526 1911 647 1957 mihi
685 1911 805 1957 nihil
835 1919 1039 1973 poterat
1069 1928 1177 1958 esse
1207 1912 1489 1958 iucundiuS.·
1554 1910 1703 1970 Quod

216 2000 464 2062 reliquum
495 2007 589 2055 est,
615 1999 775 2046 multo
806 2002 960 2046 etiam
995 2002 1093 2046 erit
1122 2002 1333 2062 gratim,
1357 2002 1396 2045 si
1427 1999 1491 2046 ad
1519 2014 1602 2045 me
1637 1998 1702 2045 de

214 2087 487 2150 republica,
522 2087 574 2134 id
612 2094 706 2143 est,
744 2087 807 2133 de
845 2094 982 2133 statu
1020 2089 1321 2149 provinciae,
1358 2086 1422 2133 de
1458 2088 1702 2134 institutis

214 2178 314 2221 tuis
338 2173 650 2222 familiariter
673 2175 873 2221 scribes.
944 2174 1088 2233 Quae
1113 2191 1420 2238 quamquam
1446 2190 1509 2221 ex
1531 2173 1701 2220 multis

214 2278 303 2325 pro
331 2269 421 2309 tua
446 2262 677 2310 claritate
706 2263 925 2318 audiam,
953 2270 1127 2308 tamen
1154 2262 1483 2308 libentissime
1511 2277 1576 2308 ex
1601 2265 1700 2308 tuis

276 2427 295 2500 ζ
325 2422 752 2523 ἒῖὲέτοῖἱοέὲὲἒίῗίἱις,
789 2476 878 2516 and
917 2476 1079 2516 Caesar
1115 2488 1227 2516 were
1262 2474 1510 2528 colleagues
1546 2477 1591 2515 in
1624 2474 1700 2515 the

217 2528 394 2582 college
414 2531 465 2570 of
481 2531 675 2582 Augias,
695 2531 751 2583 cs.
773 2534 792 2577 ἓ
813 2532 873 2571 2..

229 2594 319 2642 156
