1868 3040
890 164 1141 212 CICERO

455 481 509 515 Μ.
545 483 591 514 Τ.
627 483 668 514 C.
705 483 742 513 S.
781 481 824 513 Ρ.
863 481 909 512 D.
946 480 1187 512 APPULEIO
1223 479 1593 518 PROQUAESTORI

762 594 946 642 Romae,
968 608 1101 635 A.u.c.
1124 597 1204 635 696
1227 593 1296 646 (Ρ).

348 710 404 758 L.
438 713 657 774 Egnatio
689 728 788 757 uno
820 714 992 773 equite
1024 710 1251 758 Romano
1282 709 1360 757 vel
1390 708 1770 756 familiarissime

284 787 411 825 utor.
496 774 615 825 Eius
666 777 966 824 Anchialum
1016 794 1215 824 servum
1264 780 1592 841 negotiaque,
1641 793 1771 839 quac

283 846 440 892 habet
479 849 529 892 in
571 847 708 901 Asia,
747 846 839 892 tibi
879 845 1178 891 commendo
1218 861 1318 891 non
1357 847 1548 890 minore
1588 844 1772 898 studio,

283 930 434 975 qnam
474 916 512 959 si
551 929 657 958 rem
696 929 863 957 meam
901 912 1325 959 commendarem.
1397 910 1476 957 Sic
1515 913 1649 957 enim
1689 927 1773 956 ex-

282 984 474 1026 istimes
509 980 675 1034 velim,
709 979 829 1025 mihi
863 996 977 1025 cum
1013 995 1072 1025 eo
1107 996 1206 1024 non
1241 978 1391 1025 modo
1425 978 1772 1041 quotidianam

282 1047 701 1093 consuetudinem
719 1063 967 1093 summam
984 1046 1319 1100 intercedere,
1336 1045 1426 1092 sed
1444 1048 1597 1091 etiam
1615 1045 1774 1091 officia

283 1131 469 1177 magna
495 1121 548 1160 et
573 1120 750 1159 mutua
776 1120 947 1159 nostra
972 1116 1105 1159 inter
1130 1130 1217 1159 nos
1246 1129 1370 1159 esse.
1429 1111 1772 1170 Quamobrem

284 1185 437 1227 ctiam
467 1188 621 1243 atque
650 1184 803 1226 etiam
833 1197 861 1226 a
888 1187 940 1227 te
967 1187 1107 1243 peto,
1134 1186 1192 1226 ut
1218 1196 1378 1234 cures,
1406 1185 1464 1225 ut
1489 1178 1733 1241 intellega
1752 1184 1775 1224 t

284 1265 363 1293 me
388 1248 450 1294 ad
474 1255 524 1293 te
547 1251 667 1293 satis
689 1248 959 1310 diligenter
980 1250 1247 1308 scripsisse.
1304 1246 1433 1292 Nam
1456 1245 1519 1292 de
1541 1253 1631 1292 tua
1653 1262 1774 1308 erga

283 1331 363 1360 me
393 1314 654 1361 voluntate
683 1331 782 1360 non
811 1315 1097 1361 dubitabat.
1161 1314 1221 1361 Id
1250 1320 1308 1361 ut
1334 1312 1507 1369 facias,
1534 1319 1589 1360 te
1617 1315 1773 1360 etiam

283 1389 438 1444 atque
463 1385 618 1428 etiam
641 1399 777 1446 rogo.

458 1725 515 1759 M.
550 1727 594 1758 T.
630 1726 672 1758 C.
708 1726 746 1757 S.
784 1726 826 1757 P.
865 1726 911 1757 D.
948 1725 1191 1756 APPULEIO
1227 1722 1597 1762 PROQUAESTom

765 1838 949 1885 Romae,
971 1851 1102 1878 A.u.c.
1127 1840 1208 1878 696
1230 1837 1299 1889 (?).

350 1954 407 2002 L.
443 1955 647 2002 Nostius
681 1954 844 2001 Zoilus
878 1960 957 2001 est
988 1952 1194 2001 coheres
1228 1969 1388 2008 meus,
1420 1950 1566 1999 heres
1601 1957 1772 1998 autem

286 2026 483 2085 patroni
509 2026 598 2068 sui.
660 2022 732 2067 Ea
760 2039 811 2067 re
839 2029 1111 2083 utrumque
1138 2023 1325 2082 scripsi,
1354 2026 1409 2066 ut
1436 2026 1489 2066 et
1515 2018 1632 2064 mihi
1661 2035 1773 2077 cum

285 2090 367 2136 illo
390 2107 591 2136 causam
615 2092 865 2135 amicitiae
886 2092 1036 2135 scires
1060 2104 1186 2143 esse,
1210 2095 1262 2134 et
1284 2087 1538 2133 hominem
1561 2086 1773 2148 probum

288 2161 619 2212 existimares,
649 2159 732 2218 qui
761 2159 959 2219 patroni
988 2155 1169 2201 iudicio
1199 2161 1403 2200 ornatus
1433 2160 1581 2200 essct.
1645 2152 1772 2198 Eum

287 2225 378 2270 tibi
411 2227 564 2287 igitur
596 2227 664 2270 sic
696 2223 994 2270 commendo
1029 2230 1085 2268 ut
1119 2239 1274 2268 unum
1309 2238 1372 2268 ex
1405 2228 1576 2267 nostra
1609 2220 1772 2266 domo.

351 2429 369 2449 ⁰
398 2425 484 2472 i.e.‚
506 2429 552 2465 to
578 2424 774 2465 Marcius
797 2423 1027 2475 Philippus
1048 2423 1137 2474 (see
1158 2422 1242 2474 Ep.
1265 2425 1333 2470 43,
1356 2426 1457 2463 note
1478 2422 1538 2472 α).

351 2478 367 2502 ⁶
399 2479 543 2519 Zoilus
573 2492 661 2518 was
690 2493 716 2518 a
742 2478 971 2518 freedman
1001 2478 1051 2517 of
1078 2478 1127 2517 L.
1161 2477 1356 2523 Nostius,
1387 2476 1533 2516 whose
1563 2487 1692 2515 name
1721 2473 1775 2514 he

291 2532 398 2573 took
420 2533 658 2584 according
678 2537 723 2572 to
744 2533 818 2572 the
839 2531 966 2571 usual
987 2534 1191 2582 practice.

300 2604 388 2643 118
