1837 3029
812 157 1063 204 CICERO

193 298 247 337 et
267 307 294 335 a
315 289 521 336 cohorte
542 290 811 349 praetoria,
832 302 962 348 quae
984 293 1094 332 erat
1114 285 1442 347 Epiphaneae
1462 287 1677 349 praesidi

193 386 360 424 causa,
405 369 661 415 occidione
707 370 940 413 occisum.
1009 365 1177 423 Quare
1225 383 1338 411 cum
1386 367 1608 413 viderem
1650 384 1679 414 a

194 450 512 513 Cappadocia
550 446 849 494 Parthorum
887 448 1054 508 copias
1092 461 1290 492 aversas
1328 463 1427 492 non
1464 446 1612 510 longe
1651 464 1679 494 a

195 531 374 577 finibus
406 545 514 576 esse
548 527 768 583 Ciliciae,
799 543 950 590 quam
982 529 1123 589 potui
1156 529 1386 573 maximis
1416 529 1679 574 itineribus

195 613 258 658 ad
289 613 543 657 Amanum
574 611 854 655 exercitum
885 608 1022 654 duxi.
1087 606 1199 665 Quo
1232 614 1289 653 ut
1320 610 1451 663 veni,
1480 607 1678 655 hostem

194 693 257 738 ab
303 689 573 738 Antiochia
616 691 898 743 recessisse,
943 686 1177 733 Bibulum
1223 686 1524 734 Antiochiae
1570 704 1679 735 esse

191 775 400 835 cognovi
425 786 436 825 ;
470 770 871 831 Deiotarumque
887 766 1171 822 confestim,
1185 770 1284 813 iam
1302 768 1365 814 ad
1381 785 1462 814 me
1477 772 1680 816 venien-

193 860 297 899 tem
319 868 432 897 cum
451 867 636 913 magno
657 857 710 896 et
732 849 872 894 firmo
893 851 1126 911 equitatu
1148 855 1199 894 et
1220 848 1472 910 peditatu,
1493 855 1547 896 et
1565 865 1678 896 cum

192 933 422 980 omnibus
457 934 556 976 suis
590 933 761 992 copiis,
795 932 1062 975 certiorem
1096 927 1210 984 feci,
1245 945 1344 974 non
1379 929 1536 976 videri
1570 945 1679 976 esse

191 1030 412 1067 causam,
437 1028 523 1057 cur
549 1012 751 1056 abesset
777 1027 806 1055 a
831 1026 1005 1072 regno,
1031 1025 1215 1071 meque
1243 1009 1307 1056 ad
1333 1025 1467 1065 eum,
1493 1012 1532 1055 si
1559 1011 1680 1073 quid

193 1097 304 1140 novi
334 1092 466 1139 forte
496 1092 776 1145 accidisset,
804 1094 977 1136 statim
1007 1089 1202 1136 litteras
1232 1093 1536 1153 nuntiosque
1565 1094 1680 1137 mis-

144 1184 168 1221 8
192 1191 362 1221 surum
389 1189 513 1219 esse.
573 1172 802 1234 Cumque
828 1187 887 1216 eo
914 1174 1079 1216 auimo
1107 1173 1370 1225 venissem,
1396 1177 1453 1217 ut
1478 1174 1679 1234 utrique

191 1258 493 1318 provinciae,
518 1256 556 1298 si
583 1256 654 1298 ita
684 1260 885 1314 tempus
921 1250 1097 1306 ferret,
1123 1252 1459 1307 subvenirem,
1494 1259 1603 1297 tum
1628 1253 1677 1298 id

192 1335 327 1398 quod
378 1338 477 1380 iam
530 1340 650 1378 ante
702 1339 1000 1386 statueram,
1053 1330 1383 1377 vehementer
1434 1335 1678 1378 interesse

192 1420 453 1477 utriusque
479 1416 781 1476 provinciae,
806 1429 987 1474 pacare
1015 1414 1269 1458 Amanum
1296 1419 1349 1458 et
1374 1419 1678 1474 perpetuum

191 1496 390 1543 hostem
415 1511 478 1541 ex
505 1511 564 1540 eo
590 1500 763 1539 monte
782 1492 978 1547 tollere,
999 1508 1150 1555 agere
1175 1496 1390 1554 perrexi.
1449 1492 1678 1555 Cumque

191 1593 273 1624 me
294 1575 552 1623 discedere
576 1575 639 1620 ab
662 1590 721 1619 eo
743 1580 917 1619 monte
939 1572 1268 1628 simulassem,
1292 1579 1343 1618 et
1367 1572 1486 1618 alias
1510 1580 1678 1635 partes

191 1656 391 1704 Ciliciae
410 1662 606 1718 petere,
627 1655 958 1716 abessemque
980 1654 1042 1698 ab
1064 1654 1260 1698 Amano
1280 1656 1377 1698 iter
1397 1656 1541 1699 unius
1561 1653 1678 1707 diei,

193 1745 246 1784 et
281 1744 445 1783 castra
482 1735 616 1797 apud
640 1733 990 1796 Epiphaneam
1021 1732 1269 1788 fecissem,
1295 1749 1337 1779 a.
1366 1733 1413 1779 d.
1441 1740 1677 1796 quartum

194 1819 312 1865 Idus
337 1816 602 1870 Octobres,
625 1831 738 1860 cum
770 1815 1230 1875 advesperasceret,
1263 1814 1503 1875 expedito
1537 1830 1678 1860 exer-

191 1902 294 1944 citu
314 1900 386 1943 ita
405 1903 557 1942 noctu
577 1899 674 1941 iter
694 1893 807 1949 feci,
828 1902 885 1940 ut
906 1910 949 1940 a.
972 1894 1019 1940 d.
1042 1897 1250 1939 tertium
1273 1893 1391 1940 Idus
1413 1893 1678 1949 Octobres,

191 1996 304 2026 cum
337 1977 618 2032 lucisceret,
648 1979 699 2021 in
725 1977 978 2021 Amanum
1004 1974 1346 2029 ascenderem,
1376 1974 1678 2020 distributis-

191 2075 289 2122 que
347 2057 635 2104 cohortibus
689 2063 742 2102 et
795 2055 1008 2110 auxiliis,
1061 2071 1174 2101 cum
1229 2053 1334 2100 aliis
1388 2053 1449 2112 Q.
1502 2053 1677 2106 frater,

192 2139 408 2202 legatus,
443 2154 642 2183 mecum
678 2135 842 2191 simul,
875 2135 981 2181 aliis
1019 2134 1073 2181 C.
1112 2134 1427 2197 PomptinuS,
1460 2134 1676 2198 legatus,

191 2219 393 2281 reliquis
422 2218 493 2263 M.
521 2219 747 2263 Anneius
774 2224 826 2262 et
853 2216 908 2261 L.
935 2215 1142 2270 Tullius,
1166 2214 1341 2277 legati,
1364 2222 1676 2276 praeessent,

185 2299 454 2380 plerosque
477 2314 568 2343 nec
588 2300 854 2359 opinantes
871 2299 1229 2377 oppressimus,
1250 2298 1333 2356 qui
1355 2297 1500 2340 occisi
1520 2298 1676 2356 capti-

254 2401 271 2418 ⁰
302 2394 373 2434 On
400 2395 472 2434 the
500 2376 543 2433 S.
554 2394 601 2433 F.
632 2393 788 2432 bozder
815 2393 865 2432 of
886 2394 919 2431 t
926 2392 1053 2436 ilic-ia,
1082 2372 1299 2442 probably
1326 2404 1373 2431 so
1366 2372 1527 2431 called
1547 2372 1672 2431 a—ft—er

195 2449 248 2488 its
270 2450 524 2487 restoration
550 2448 606 2498 by
632 2446 876 2486 Antiochus
900 2446 934 2484 F
940 2446 1167 2497 piphanes.

255 2502 270 2525 ⁶
299 2503 380 2542 See
404 2503 475 2542 the
498 2501 804 2553 Introductory
826 2503 924 2540 note
946 2504 989 2539 to
1009 2500 1096 2540 this
1119 2497 1260 2540 Book.

197 2570 290 2612 252
