1837 3029
866 142 1114 190 CICERO

249 294 403 341 prope
433 274 716 322 contionali.
780 274 1037 319 Aci-iorem
1066 288 1267 318 causam
1296 274 1462 334 inopia
1490 275 1730 333 pecuniae

199 366 224 406 2
249 357 467 404 faciebat
495 363 546 402 et
573 370 800 401 annonae
832 356 1027 399 caritas.
1089 352 1200 398 Non
1230 355 1635 414 praetermittam
1670 369 1731 399 ne

250 438 370 486 illud
401 434 747 501 quidem—M.
783 434 985 480 Furium
1018 432 1267 488 Flaccum,
1299 435 1524 495 equitem
1554 432 1733 480 Roma-

251 536 387 573 num,
411 517 665 563 hominem
689 531 925 577 nequam,
950 513 1218 576 Capitolini
1243 520 1296 559 et
1321 511 1647 560 Mercuriales
1670 513 1733 561 de

251 600 460 661 collegio
484 601 758 650 eiecerunt,
781 601 1119 657 praesentem,
1144 594 1208 640 ad
1230 593 1386 656 pedes
1408 597 1553 640 unius
1576 597 1734 641 cuius·

201 685 226 729 3
251 697 348 743 que
374 683 640 725 iacentem.
697 677 936 722 Exiturus
962 692 1005 721 a.
1033 675 1081 721 d.
1108 690 1214 720 vm.
1245 675 1318 721 Id.
1343 675 1464 736 Apr.
1487 674 1734 737 sponsalia

251 760 532 822 Crassipedi
579 758 802 820 praebui.
884 756 1015 802 Huic
1060 758 1282 801 convivio
1328 771 1454 817 puer
1499 759 1734 818 optimus,

252 843 469 900 Quintus
512 847 627 886 tuus
669 854 930 900 meusque,
972 837 1106 899 quod
1147 835 1416 898 perleviter
1456 843 1734 883 commotus

251 922 434 976 fuerat,
462 919 655 975 defuit3
692 936 735 965 a.
764 919 811 965 d.
840 934 925 964 vn.
958 918 1030 964 Id.
1060 917 1216 980 April.
1245 920 1357 964 veni
1383 917 1447 964 ad
1474 917 1735 975 Quintum,

253 1019 471 1066 eumque
505 1002 603 1048 vidi
635 1000 783 1062 plane
816 1003 1087 1062 integrum,
1120 997 1437 1061 multumque
1469 1001 1508 1044 is
1540 1015 1735 1045 mecum

252 1099 533 1132 sermonem
592 1081 769 1127 habuit
828 1087 881 1126 et
937 1078 1304 1142 perhumanum
1362 1079 1425 1126 de
1483 1079 1736 1126 discordiis

252 1164 517 1212 mulierum
545 1169 842 1209 nostrarum.
904 1160 1037 1218 Quid
1064 1163 1261 1222 quaeris
1285 1160 1302 1205 ?
1349 1159 1468 1205 nihil
1494 1158 1733 1207 festivius.

254 1245 527 1308 Pomponia
558 1250 729 1289 autem
761 1244 913 1287 etiam
945 1241 1007 1287 de
1038 1248 1089 1286 te
1120 1248 1298 1303 questa
1330 1248 1420 1286 est.
1485 1239 1585 1287 Sed
1613 1239 1737 1288 haec

201 1338 228 1377 4
252 1343 417 1374 coram
447 1340 669 1388 agemus.
732 1323 777 1368 A
806 1339 961 1383 pucro
990 1328 1046 1367 ut
1074 1321 1292 1376 discessi,
1321 1323 1371 1367 in
1400 1337 1567 1367 aream
1596 1328 1735 1368 tuam

254 1410 381 1454 veni.
444 1405 541 1451 Res
571 1404 818 1467 agebatur
847 1401 1015 1448 multis
1045 1402 1388 1448 structoribus,
1453 1401 1735 1465 Longilium

253 1488 627 1548 redemptorem
653 1482 941 1529 cohortatus
968 1499 1092 1528 sum.
1155 1482 1329 1528 Fidem
1355 1480 1476 1528 mihi
1501 1480 1736 1538 faciebat,

255 1585 308 1616 se
339 1567 464 1614 velle
497 1566 637 1612 nobis
668 1564 881 1626 placere.
948 1563 1140 1609 Domus
1173 1566 1268 1609 erit
1299 1566 1518 1626 egregia.
1572 1563 1737 1627 Magis

254 1652 387 1696 enim
426 1650 561 1694 cerni
600 1649 699 1691 iam
739 1651 958 1707 poterat,
998 1661 1150 1706 quam
1190 1651 1438 1706 quantum
1477 1660 1540 1690 ex
1579 1642 1738 1690 forma

253 1729 609 1777 iudicabamus.
666 1726 900 1788 Itemque
921 1732 1091 1771 nostra
1111 1724 1342 1772 celeriter
1361 1724 1735 1772 aedificabatur.

255 1811 329 1857 Eo
354 1810 435 1856 die
461 1811 632 1855 cenavi
665 1807 798 1869 apud
824 1806 1187 1868 Crassipedem.
1247 1805 1469 1852 Cenatus
1494 1809 1545 1852 in
1570 1804 1737 1852 hortos

255 1892 316 1938 ad
339 1891 633 1951 Pompeium
654 1887 831 1934 lectica
852 1886 983 1933 latus
1008 1903 1133 1932 sum.
1196 1886 1319 1933 Luci
1338 1903 1454 1933 eum
1475 1890 1737 1933 convenire

255 1990 352 2019 non
385 1978 667 2034 potueram,
701 1968 835 2031 quod
869 1966 1116 2014 abfuerat.
1184 1966 1367 2014 Videre
1402 1973 1574 2014 autem
1609 1966 1738 2014 vole-

254 2055 388 2108 bam,
424 2051 558 2114 quod
594 2067 730 2096 eram
767 2048 1006 2111 postridie
1045 2048 1202 2094 Roma
1239 2051 1480 2104 exiturus,
1518 2054 1571 2095 et
1606 2048 1737 2110 quod

254 2133 335 2180 ille
375 2136 426 2179 in
467 2131 746 2178 Sardiniam
786 2133 882 2176 iter
924 2129 1160 2176 habebat.
1221 2129 1492 2175 Hominem
1531 2132 1736 2175 conveni

255 2221 308 2262 et
345 2214 407 2260 ab
445 2229 504 2259 eo
540 2215 714 2275 petivi,
742 2218 798 2257 ut
832 2213 1204 2273 quamprimum
1236 2216 1291 2256 te
1317 2210 1458 2256 nobis
1484 2209 1736 2256 redderet.

321 2430 340 2451 ⁰
372 2425 409 2465 A
433 2423 596 2473 college
620 2422 759 2462 which
783 2420 870 2461 had
892 2421 1054 2472 charge
1075 2420 1124 2461 of
1141 2420 1216 2460 the
1237 2419 1482 2472 Capitoline
1502 2433 1668 2471 games.

413 2477 430 2501 ὃ
462 2479 501 2518 A
524 2478 801 2529 corporation
825 2475 873 2516 of
892 2476 1171 2520 merchantsz
1209 2474 1268 2526 cf.
1292 2474 1420 2526 Livy,
1444 2475 1485 2515 ii.
1509 2477 1578 2515 27.
1599 2478 1641 2516 5.

260 2548 354 2591 504
