1837 3029
849 188 1098 236 CICERO

226 320 488 365 arbitrium
520 336 665 365 suum
697 318 759 365 de
791 335 843 365 re
875 318 1091 380 publica,
1122 316 1412 380 quaerenda
1443 332 1550 363 esse
1582 332 1718 362 arma

227 416 436 476 putasti,
457 415 636 476 quibus
658 413 902 459 dominari
930 411 1305 476 prohiberetur:
1335 411 1541 466 scilicet,
1562 417 1618 456 ut
1638 409 1719 456 illo

227 507 478 570 prohibito
518 524 808 572 rogaremus
847 507 1081 562 alterum,
1115 509 1200 570 qui
1238 522 1292 553 se
1329 509 1382 553 in
1416 508 1521 552 eius
1556 503 1721 551 locum

226 605 400 665 reponi
439 608 719 665 pateretur,
753 618 817 649 an
856 608 913 649 ut
951 608 1086 649 esset
1123 604 1198 648 sui
1230 604 1348 647 iuris
1387 617 1444 647 ac
1484 601 1719 662 mancipii

190 732 193 733 γ
226 714 304 744 res
329 697 530 760 publica
554 697 572 743 ?
615 700 708 744 nisi
732 696 863 744 forte
889 713 990 744 non
1015 696 1078 744 de
1108 699 1372 752 servitute,
1396 695 1486 743 sed
1516 694 1579 742 de
1605 710 1720 742 con-

226 793 422 840 dicione
447 792 696 840 serviendi
722 799 1010 839 recusatum
1038 799 1114 838 cst
1146 808 1175 838 a
1205 792 1363 837 nobis.
1429 789 1589 853 Atqui
1613 805 1720 836 ‘non

224 887 386 935 solum
417 887 549 935 bono
582 888 785 935 domino
817 890 1072 951 potuimus
1105 887 1329 934 Antonio
1361 885 1577 933 tolerare
1610 901 1720 931 nos-

225 989 356 1029 tram
395 981 670 1039 fortunam,
708 982 800 1030 sed
839 986 995 1030 etiam
1034 982 1289 1029 beneficiis
1329 988 1485 1044 atque
1524 979 1721 1027 honori-

225 1078 315 1125 bus
346 1084 405 1125 ut
432 1080 702 1141 participes
733 1077 846 1134 frui,
877 1080 1078 1141 quantis
1110 1077 1350 1124 vellemus
1376 1091 1387 1132 ;
1434 1074 1556 1140 quid
1585 1077 1719 1122 enim

224 1179 438 1237 negaret
481 1176 569 1229 eis,
608 1190 821 1236 quorum
864 1176 1167 1236 patientiam
1204 1172 1399 1219 videret
1441 1174 1721 1218 maximum

225 1267 579 1316 dominationis
607 1285 728 1316 suae
756 1267 1063 1331 praesidium
1092 1284 1201 1314 esse
1225 1267 1244 1313 ?
1313 1265 1412 1314 Sed
1440 1265 1561 1313 nihil
1588 1267 1721 1313 tanti

223 1362 337 1419 fuit,
372 1380 471 1426 quo
507 1363 839 1410 venderemus
877 1363 1029 1410 fidem
1064 1370 1288 1410 nostram
1324 1369 1377 1409 et
1411 1362 1718 1409 libertatem.

172 1465 197 1504 5
223 1458 318 1505 Hic
342 1461 449 1521 ipse
475 1475 617 1521 puer,
644 1475 796 1522 quem
823 1459 1048 1505 Caesaris
1076 1475 1260 1505 nomen
1284 1461 1495 1504 incitare
1521 1457 1720 1503 videtur

221 1555 272 1600 in
299 1552 524 1600 Caesaris
550 1553 920 1609 interfectores,
948 1557 1124 1617 quanti
1151 1556 1406 1609 aestimet,
1431 1555 1472 1600 si
1496 1555 1562 1600 sit
1586 1569 1719 1600 com-

220 1652 406 1695 mercio
424 1648 577 1705 locus,
597 1665 742 1712 posse
763 1650 903 1696 nobis
925 1650 1210 1696 auctoribus
1230 1656 1450 1705 tantum,
1471 1655 1718 1712 quantum

222 1742 448 1806 profecto
482 1747 688 1807 poterit,
722 1748 959 1808 quoniam
993 1747 1158 1791 vivere
1191 1760 1282 1808 per
1313 1760 1367 1791 se
1398 1750 1452 1791 et
1480 1747 1718 1807 pecunias

223 1839 410 1888 habere
454 1848 508 1888 et
550 1841 645 1888 dici
694 1841 977 1888 consulares
1027 1841 1288 1889 volumus!
1372 1840 1613 1889 Ceterum
1655 1858 1717 1888 ne

223 1938 568 2001 nequidquam
606 1941 813 2001 perierit
849 1938 930 1985 ille
964 1939 1122 2002 (cuius
1160 1942 1370 1985 interitu
1403 1939 1524 2002 quid
1560 1942 1716 2002 gavisi

222 2052 411 2091 sumus,
437 2038 476 2082 si
503 2042 701 2082 mortuo
729 2052 788 2082 eo
815 2035 967 2083 nihilo
994 2039 1157 2083 minus
1184 2039 1416 2082 servituri
1443 2053 1639 2083 eramus
1661 2036 1717 2098 ?),

218 2132 352 2178 nulla
373 2149 491 2178 cura
515 2131 821 2179 adhibetur?
877 2132 978 2179 Sed
1002 2132 1121 2179 mihi
1147 2136 1280 2195 prius
1305 2136 1471 2179 onmia
1495 2133 1544 2179 di
1567 2133 1718 2180 deae-

222 2245 321 2293 que
357 2232 633 2292 eripuerint
668 2247 820 2292 quam
854 2229 976 2275 illud
1010 2230 1266 2285 iudicium,
1301 2246 1400 2294 quo
1435 2247 1534 2277 non
1567 2231 1716 2278 modo

222 2326 396 2376 heredi
431 2331 555 2384 eius,
590 2345 742 2391 quem
777 2329 950 2384 occidi,
981 2329 1032 2376 id
1066 2346 1165 2375 non
1199 2332 1548 2385 concesserim,
1581 2328 1718 2392 quod

220 2427 271 2472 in
290 2425 373 2472 illo
395 2441 495 2472 non
515 2425 626 2481 tuli,
647 2425 736 2472 sed
758 2442 820 2472 ne
842 2428 974 2488 patri
997 2426 1202 2489 quidem
1223 2442 1355 2482 meo,
1375 2429 1415 2473 si
1435 2428 1716 2483 reviviscat,

221 2529 278 2569 ut
301 2526 531 2584 patiente
556 2539 638 2570 me
662 2522 771 2586 plus
796 2522 991 2586 legibus
1016 2540 1073 2570 ac
1095 2530 1278 2570 senatu
1302 2526 1459 2587 possit
1483 2539 1494 2572 ι
1534 2540 1601 2570 an
1621 2522 1716 2573 hoc

219 2606 313 2648 722
