1837 3029
200 733 215 772 l

865 192 1114 238 (lichno

966 381 1016 429 II

708 517 900 548 MAffl‘t'S
938 520 979 553 Q.
1021 518 1198 547 FRATRI
1233 515 1273 548 s.

761 619 942 667 Romae,
968 633 1096 660 Α.υ.ς.
1121 623 1217 661 698.

310 723 422 770 Non
462 727 808 786 occupatione,
848 742 945 786 qua
985 742 1119 771 eram
1159 741 1279 771 sane
1318 725 1608 786 impeditus,
1645 722 1734 770 sed

247 790 450 852 parvula
481 791 782 853 lippitudine
814 793 1060 839 adductus
1090 809 1218 846 sum,
1249 799 1305 838 ut
1335 793 1577 838 dictarem
1607 790 1734 836 hanc

248 857 515 919 epistulam
544 866 595 904 et
623 876 738 913 non,
760 866 815 905 ut
842 860 906 905 ad
931 866 983 904 te
1010 859 1162 913 sole0‚
1188 863 1293 921 ipse
1319 859 1603 905 scriberem.
1667 857 1735 903 Et

247 928 462 985 primum
492 941 572 970 me
602 926 693 971 tibi
723 942 907 972 excuso
934 929 983 972 in
1014 942 1073 972 eo
1101 930 1225 988 ipso,
1253 929 1303 971 in
1332 942 1430 988 quo
1457 932 1511 972 te
1539 941 1731 971 accuso.

251 991 338 1037 Me
376 995 509 1037 enim
546 991 708 1038 adhuc
743 1009 892 1038 nemo
927 996 1141 1056 rogavit,
1177 993 1350 1038 “num
1386 992 1507 1055 quid
1539 995 1591 1038 in
1625 990 1735 1037 Sar-

248 1058 435 1104 diniam
465 1058 643 1104 vellem
671 1058 697 1073 ''
723 1074 733 1114 ;
780 1066 832 1105 te
861 1067 986 1121 puto
1015 1076 1166 1122 saepe
1194 1058 1402 1114 habere,
1430 1061 1532 1122 qui,
1561 1057 1588 1074 ‘⁸
1614 1074 1733 1104 num

250 1125 371 1187 quid
397 1124 608 1172 Romam
635 1125 808 1180 velis,”
836 1134 1098 1189 quaerant.
1159 1126 1307 1184 Quod
1335 1126 1397 1173 ad
1422 1141 1504 1172 me
1533 1123 1734 1171 Lentuli

251 1198 304 1237 et
337 1191 468 1238 Sesti
502 1195 703 1238 nomine
738 1196 994 1255 scripsisti,
1026 1193 1223 1240 locutus
1257 1210 1366 1239 sum
1401 1209 1514 1239 cum
1548 1192 1733 1238 Cincio.

250 1258 466 1321 Quoquo
501 1260 652 1306 modo
688 1275 766 1305 res
805 1276 857 1306 se
894 1259 1069 1315 habet,
1106 1277 1205 1307 non
1244 1267 1321 1306 est
1358 1259 1610 1314 facillima,
1646 1258 1735 1305 sed

249 1323 406 1371 habet
439 1324 667 1387 profecto
703 1327 943 1389 quiddam
979 1326 1207 1374 Sardinia
1242 1330 1528 1389 appositum
1564 1325 1627 1372 ad
1660 1341 1735 1371 re-

249 1392 593 1439 cordationem
638 1397 947 1455 praeteritae
991 1397 1280 1440 memoriae.
1362 1393 1509 1448 Nam,
1554 1399 1612 1438 ut
1654 1391 1735 1438 illc

250 1458 504 1506 Gracchus
553 1476 729 1523 augur,
769 1468 1102 1524 posteaquam
1151 1464 1201 1506 in
1242 1464 1391 1507 istam
1433 1462 1734 1522 provinciam

250 1529 405 1580 venit,
447 1527 738 1573 recordatus
788 1535 883 1583 est,
920 1528 1040 1590 quid
1077 1528 1187 1582 sibi,
1223 1531 1274 1573 in
1322 1543 1499 1589 campo
1550 1526 1737 1572 Martio

249 1595 450 1638 comitia
477 1593 735 1639 consulum
760 1593 988 1649 habenti,
1013 1602 1186 1641 contra
1214 1598 1434 1656 auspicia
1459 1594 1737 1646 accidisset„

250 1663 318 1704 sic
338 1666 393 1705 tu
421 1659 539 1704 mihi
569 1661 748 1707 videris
775 1664 825 1706 in
845 1660 1073 1707 Sardinia
1098 1663 1160 1708 de
1187 1660 1347 1707 forma
1368 1661 1660 1706 Numisiana
1687 1666 1738 1704 et

251 1726 313 1771 de
348 1728 630 1772 nominibus
667 1727 1019 1789 Pomponianis
1055 1732 1103 1773 in
1129 1732 1231 1773 otio
1262 1731 1581 1790 recogitasse.
1640 1726 1736 1771 Sed

252 1809 346 1853 ego
389 1793 551 1839 adhuc
595 1797 692 1839 emi
736 1794 870 1840 nihil.
955 1795 1206 1841 Culleonis
1254 1798 1420 1840 auctio
1465 1793 1601 1840 facta
1644 1799 1735 1838 est.

250 1859 531 1906 Tusculano
552 1868 750 1922 emptor
776 1879 924 1907 nemo
951 1861 1060 1907 fuit.
1116 1861 1164 1907 Si
1191 1862 1414 1907 condicio
1435 1860 1578 1907 valde
1608 1860 1739 1906 bona

251 1925 421 1981 fuerit,
458 1926 670 1973 fortasse
709 1945 806 1973 non
839 1932 1087 1974 omittam.
1155 1929 1233 1974 De
1271 1928 1620 1975 aedificatione
1651 1933 1739 1972 tua

253 1993 438 2055 Cyrum
471 2010 650 2056 urgere
683 2012 779 2040 non
811 2012 964 2040 cesso.
1025 1995 1180 2057 Spero
1212 2011 1326 2041 eum
1357 1998 1406 2040 in
1434 1995 1592 2040 officio
1616 1992 1736 2039 fore.

254 2060 351 2105 Sed
383 2064 549 2106 omnia
580 2069 695 2107 sunt
728 2063 965 2118 tardiora,
990 2069 1198 2124 propter
1227 2061 1442 2108 furiosae
1469 2060 1739 2107 aedilitatis

256 2131 705 2188 exspectationem.
792 2128 921 2175 Nam
971 2132 1174 2175 comitia
1224 2132 1329 2175 sine
1379 2145 1519 2174 mora
1571 2126 1741 2173 futura

256 2194 503 2240 videntur.
561 2195 741 2242 Edicta
763 2203 882 2242 sunt
904 2213 946 2242 a.
971 2196 1018 2243 d.
1042 2212 1108 2242 xl.
1136 2195 1247 2242 Kal.
1274 2196 1417 2241 Febr.
1472 2195 1543 2240 Te
1567 2201 1739 2240 tamen

319 2379 338 2397 ⁰
370 2374 438 2413 An
463 2379 595 2425 agent
617 2375 666 2415 of
686 2376 870 2416 Atticus.

322 2427 336 2450 ὓ
367 2427 459 2467 The
483 2429 627 2468 father
653 2431 700 2468 os
723 2431 795 2469 the
822 2430 1008 2469 Gracchi
1030 2447 1040 2475 ς
1085 2431 1157 2470 the
1183 2435 1301 2480 story
1330 2431 1363 2469 is
1389 2428 1479 2469 told
1505 2428 1565 2480 by
1590 2428 1739 2468 Cicero

262 2482 303 2520 in
333 2482 432 2520 Nat.
464 2482 582 2521 Inus.
610 2485 647 2521 ii.
683 2489 738 2522 ΙΙ.
1165 2491 1177 2505 ’“
1213 2486 1279 2523 λη
1303 2483 1524 2522 arcliitect.

319 2534 336 2557 ‘¹
370 2536 568 2575 Another
589 2537 810 2577 architect.
1159 2544 1173 2561 ⁶
1205 2539 1290 2584 i.e.‚
1313 2537 1361 2576 of
1382 2537 1427 2576 l'.
1452 2535 1645 2576 Clodius.

265 2606 358 2645 432>
