1837 3029
850 183 1100 230 CICERO

230 315 421 363 referes
449 318 671 360 animum
704 321 846 359 tuum
879 313 942 359 ad
972 315 1220 358 rationem
1251 319 1306 358 et
1335 315 1519 358 veteris
1548 311 1717 358 consili

233 395 408 447 nostri,
426 399 479 438 et
496 395 620 454 spei.
638 390 830 436 facilius
848 393 970 436 istos
988 389 1198 435 militiae
1215 388 1412 435 labores
1429 396 1721 452 ceteraque,

234 486 365 534 quae
417 476 471 516 te
524 467 805 522 offendunt,
843 465 1010 520 serem
1069 473 1122 512 et
1175 473 1367 519 tamen,
1405 482 1519 512 cum
1568 465 1721 520 voleS‚

234 548 474 610 depones.
543 545 643 591 Sed
681 548 786 590 eius
823 547 895 589 rei
933 546 1200 590 maturitas
1238 543 1528 606 nequedum
1566 546 1722 598 venit,

187 632 290 671 2ct
334 631 507 670 tamen
554 625 652 668 iam
700 624 1088 683 appropinquat..
1157 620 1327 666 Etiam
1371 619 1494 668 illud
1539 627 1592 667 te
1637 619 1723 667 ad-

235 718 435 755 moneo,
479 716 542 745 ne
587 699 709 762 quid
755 698 864 744 ullis
908 697 1090 744 litteris
1135 701 1442 752 committas,
1486 697 1640 760 quod,
1683 699 1723 743 si

236 778 487 841 prolatum
528 780 610 829 sit,
650 775 863 822 moleste
903 773 1139 821 feramus.
1211 774 1379 821 Multa
1417 782 1554 830 sunt,
1593 790 1723 837 quae

237 872 333 919 ego
373 857 565 900 nescire
608 852 756 906 malo,
798 869 949 915 quam
991 869 1104 898 cum
1148 851 1314 914 aliquo
1356 851 1577 914 periculo
1619 851 1723 897 fleri

237 934 435 979 certior.
505 930 653 976 Plura
683 930 746 975 ad
776 936 829 975 te
860 946 1016 975 vacuo
1046 931 1213 975 animo
1242 929 1474 983 scribam,
1503 946 1617 975 cum
1646 928 1726 991 (ut

239 1009 406 1072 spero)
427 1025 479 1054 se
500 1007 674 1053 Cicero
694 1023 836 1052 meus
856 1005 988 1052 belle
1008 1005 1234 1052 habebit.
1301 1006 1377 1052 Tu
1398 1005 1545 1051 velim
1565 1022 1726 1061 cures,

241 1094 298 1133 ut
334 1089 504 1139 sciam,
533 1085 713 1147 quibus
747 1100 835 1130 nos
868 1084 988 1130 dare
1025 1090 1261 1145 oporteat
1289 1100 1391 1138 eas,
1419 1100 1543 1146 quas
1577 1083 1641 1130 ad
1672 1089 1725 1130 te

238 1163 422 1211 deinde
447 1162 644 1208 litteras
669 1164 932 1207 mittemus
952 1160 1325 1215 3—Caesarisne
1352 1159 1644 1215 tabellariis,
1669 1167 1727 1206 ut

241 1244 281 1287 is
309 1241 373 1287 ad
401 1247 454 1286 te
482 1242 710 1301 protinus
739 1241 931 1292 mittat,
960 1254 1023 1283 an
1054 1238 1281 1284 Labieni.
1353 1237 1453 1284 Ubi
1483 1240 1617 1283 enim
1644 1239 1726 1284 isti

192 1326 217 1366 3
240 1321 343 1364 sint
363 1317 550 1371 Nervii,
569 1322 623 1362 et
641 1332 791 1378 quam
813 1315 963 1378 longe
983 1315 1169 1370 absint,
1186 1318 1370 1361 nescio.
1440 1315 1520 1361 De
1540 1318 1726 1361 virtute

243 1403 298 1442 et
335 1397 588 1458 gravitate
629 1393 874 1447 Caesaris,
914 1409 1066 1454 quam
1106 1394 1157 1437 in
1197 1409 1393 1438 summo
1432 1391 1603 1438 dolore
1643 1391 1728 1438 ad-

241 1471 506 1525 hibuisset,
523 1486 761 1532 magnam
781 1486 844 1515 ex
864 1468 1081 1531 epistula
1099 1476 1189 1515 tua
1208 1471 1378 1531 accepi
1397 1468 1727 1531 voluptatem.

243 1549 394 1608 Quod
416 1564 497 1594 me
521 1550 813 1593 institutum
840 1547 904 1593 ad
928 1546 1067 1592 illum
1097 1562 1280 1608 poema
1303 1547 1446 1592 iubes
1471 1546 1729 1608 perficere,

244 1629 340 1673 etsi
383 1625 636 1672 distentus
679 1641 792 1669 cum
836 1639 1008 1685 opera,
1051 1630 1161 1669 tum
1206 1626 1373 1669 animo
1416 1639 1527 1669 sum
1571 1623 1730 1670 multo

244 1706 423 1765 magis,
464 1704 701 1764 quoniam
750 1708 924 1746 tamen
978 1716 1040 1746 ex
1094 1700 1329 1762 epistula,
1376 1717 1529 1762 quam
1572 1700 1637 1747 ad
1677 1707 1730 1747 te

243 1783 497 1833 miseram,
523 1781 758 1840 cognovit
786 1778 989 1832 Caesar,
1015 1793 1097 1823 me
1126 1776 1315 1839 aliquid
1342 1793 1452 1824 esse
1480 1794 1731 1833 exorsum,

242 1863 469 1903 revertar
495 1855 558 1901 ad
585 1858 895 1909 institutum,
920 1855 1073 1916 idque
1101 1854 1357 1916 perficiam
1384 1853 1460 1900 his
1485 1854 1731 1917 supplica-

241 1937 438 1980 tionum
452 1934 624 1978 otiosis
637 1932 816 1978 diebus
840 1947 850 1986 3
884 1932 1065 1994 quibus
1083 1931 1374 1977 Messallam
1391 1935 1488 1977 iam
1503 1938 1730 1978 nostrum

243 2010 563 2073 reliquosque
605 2008 837 2055 molestia
882 2008 1093 2064 levatos,
1135 2008 1467 2055 vehementer
1500 2009 1730 2072 gaude03

245 2103 464 2150 eumque
494 2086 629 2149 quod
661 2093 856 2132 certum
880 2085 1136 2132 consulem
1160 2102 1274 2132 cum
1308 2086 1534 2132 Domitio
1559 2102 1731 2133 nume-

307 2250 325 2268 ⁰
359 2245 398 2285 It
417 2258 504 2284 was
523 2246 564 2284 in
584 2245 656 2285 the
676 2247 825 2285 winter
843 2245 891 2284 of
905 2245 990 2285 this
1009 2259 1112 2296 year
1130 2245 1224 2285 that
1243 2245 1434 2294 Quintus
1452 2259 1499 2285 so
1515 2245 1730 2297 gallantly

249 2297 465 2339 defended
488 2299 553 2339 his
574 2312 704 2350 camp
725 2301 898 2350 against
920 2313 974 2338 an
998 2299 1338 2350 overwhelming
1357 2299 1475 2339 force
1495 2300 1544 2339 of
1568 2300 1728 2340 Nervii.

248 2352 379 2392 Their
412 2354 612 2403 territory
649 2355 689 2392 in
726 2353 871 2393 Gallia
909 2352 1085 2403 Belgica
1119 2352 1333 2392 extended
1367 2353 1479 2392 from
1514 2353 1587 2393 the
1620 2355 1730 2393 river

250 2406 378 2447 Sabis
408 2407 620 2457 (Sumbre)
652 2411 696 2445 to
726 2407 798 2446 the
827 2419 914 2452 sea,
945 2406 1032 2445 and
1064 2420 1152 2446 was
1182 2406 1327 2458 partly
1356 2406 1537 2447 covered
1569 2406 1628 2458 by
1656 2407 1730 2448 the

248 2460 382 2501 forest
401 2460 450 2500 of
469 2460 707 2500 Arduenna
728 2461 1010 2509 (.11rdennes).

308 2514 324 2539 θ
356 2514 440 2554 For
458 2514 530 2554 the
548 2513 632 2554 loss
650 2514 699 2554 of
713 2514 778 2554 his
795 2513 1013 2565 daughter
1030 2513 1150 2554 Julia
1168 2514 1240 2565 (cs.
1260 2514 1343 2565 Ep.
1369 2517 1403 2554 1.
1422 2516 1477 2555 25
1493 2513 1666 2564 above).

257 2576 353 2625 600
