1837 3029
851 190 1101 238 CICERO

233 324 438 380 malum,
470 323 605 386 quod
636 330 689 369 te
721 339 821 368 non
853 321 969 376 vidi,
1001 337 1100 384 quo
1132 320 1252 366 nihil
1283 324 1636 367 amantissimis
1665 327 1718 367 et

232 407 645 453 coniunctissimis
671 402 908 448 fratribus
935 402 1161 447 acerbius
1189 418 1244 447 ac
1269 404 1496 447 miserius
1520 402 1720 448 videtur

235 486 459 532 accidere
500 487 740 547 potuisse,
780 486 943 528 minus
984 483 1238 537 acerbum,
1280 485 1443 528 minus
1482 485 1717 528 miserum

235 567 348 620 fuit,
368 583 518 629 quam
545 564 723 610 fuisset
748 580 859 609 cum
887 566 1187 625 congressio,
1207 569 1316 608 tum
1338 579 1453 608 vero
1479 562 1719 625 digressio

189 657 207 677 ’”
236 654 419 693 nostra.
489 645 650 700 Nunc,
681 647 720 689 si
752 651 914 706 poteS,
946 644 995 689 id
1029 643 1162 705 quod
1195 659 1307 705 ego,
1339 645 1424 705 qui
1455 641 1596 689 fortis
1627 643 1717 689 tibi

235 744 433 789 semper
458 727 680 780 videbar,
706 742 804 770 non
831 741 1050 786 possum,
1077 727 1214 786 erige
1240 731 1293 769 te
1321 731 1374 769 et
1398 723 1652 778 confirma,
1678 726 1716 769 si

236 825 335 872 qua
374 807 638 853 subeunda
677 806 931 852 dimicatio
973 807 1083 850 crit.
1151 803 1325 866 Spero,
1365 807 1404 849 si
1446 804 1566 866 quid
1606 820 1720 850 mea

235 906 348 952 spes
372 888 528 934 habet
553 889 884 940 auctoritatis,
909 886 1001 931 tibi
1028 891 1081 930 et
1105 888 1456 947 integritatem
1483 892 1642 940 tuam,
1667 891 1721 931 et

236 986 457 1016 amorem
505 971 556 1014 in
604 975 658 1013 te
706 969 939 1022 civitatis,
990 972 1043 1012 et
1092 964 1280 1028 aliquid
1330 968 1484 1011 etiam
1532 968 1721 1012 miseri-

235 1051 453 1097 cordiam
496 1051 651 1094 nostri
694 1047 909 1110 praesidi
953 1046 1184 1092 laturam.
1253 1044 1339 1091 Sin
1382 1049 1477 1092 eris
1520 1047 1583 1092 ab
1624 1049 1721 1093 isto

237 1130 454 1195 periculo
493 1146 691 1184 vacuus,
729 1143 848 1191 ages
884 1127 1089 1180 scilicet,
1126 1130 1165 1172 si
1202 1127 1323 1188 quid
1359 1130 1441 1189 agi
1476 1142 1621 1188 posse
1656 1127 1720 1173 de

237 1213 377 1259 nobis
400 1211 616 1273 putabiS.
688 1210 766 1254 De
790 1225 888 1271 quo
912 1209 1135 1254 scribunt
1159 1207 1222 1253 ad
1246 1223 1326 1252 me
1350 1207 1554 1270 quidem
1576 1207 1720 1254 multi

235 1292 412 1347 multa,
451 1298 505 1349 et
543 1306 596 1336 se
636 1305 836 1351 sperare
877 1289 1262 1337 demonstrant:
1319 1288 1409 1334 sed
1449 1304 1561 1352 ego,
1602 1288 1722 1351 quid

235 1389 450 1436 sperem,
478 1388 577 1417 non
605 1371 827 1432 dispicio,
855 1386 967 1415 cum
998 1371 1180 1414 inimici
1207 1367 1475 1430 plurimum
1505 1368 1723 1424 valeant,

238 1457 380 1501 amici
410 1456 594 1515 partim
625 1452 941 1497 deseruerint
972 1465 1070 1504 me,
1095 1453 1279 1511 partim
1310 1452 1464 1495 etiarn
1493 1450 1723 1511 prodide-

237 1539 354 1590 rint,
384 1537 468 1596 qui
501 1536 551 1578 in
584 1548 698 1577 meo
730 1532 896 1577 reditu
927 1529 1138 1576 fortasse
1172 1529 1613 1592 reprehensionem
1648 1533 1722 1576 sui

237 1615 435 1662 sceleris
461 1616 837 1676 pertimescant.
907 1609 1006 1657 Sed
1033 1614 1129 1656 ista
1155 1609 1321 1673 qualia
1349 1613 1465 1666 sint,
1491 1617 1548 1657 tu
1576 1610 1723 1657 velim

238 1699 507 1759 perspicias
543 1692 766 1756 mihique
803 1691 1041 1739 declares.
1111 1691 1220 1754 Ego
1256 1698 1447 1747 tamen,
1484 1691 1723 1754 quamdiu

239 1778 330 1824 tibi
369 1792 492 1838 opus
531 1778 644 1828 erit,
681 1777 720 1819 si
759 1772 879 1835 quid
917 1771 1123 1834 periculi
1160 1771 1479 1818 subeundum
1516 1772 1725 1828 videbis,

240 1861 417 1904 vivam.
487 1855 690 1901 Diutius
710 1857 758 1899 in
779 1853 871 1899 hac
893 1857 993 1898 vita
1014 1869 1121 1898 esse
1142 1869 1241 1899 non
1259 1868 1477 1914 possum.
1546 1852 1725 1916 Neque

241 1942 373 1985 enim
412 1943 614 1983 tantum
654 1938 828 1980 virium
869 1933 1026 1979 habet
1065 1932 1163 1979 ulla
1203 1940 1291 1978 aut
1329 1933 1598 1994 prudentia
1637 1941 1726 1980 aut

199 2028 212 2039 ²
240 2020 483 2071 doctrina,
518 2023 574 2063 ut
605 2022 806 2062 tantum
840 2014 1062 2061 dolorem
1096 2017 1252 2075 possit
1285 2017 1547 2059 sustinere.
1615 2013 1725 2061 Scio

241 2100 392 2146 fuisse
426 2105 479 2144 et
510 2096 768 2143 honestius
799 2095 1045 2142 moriendi
1078 2101 1296 2156 tempuS,
1330 2101 1383 2140 ct
1418 2093 1603 2148 utilius,
1637 2094 1726 2141 sed

242 2197 340 2227 non
385 2178 478 2224 hoc
524 2177 701 2232 solum,
747 2176 907 2222 multa
955 2175 1049 2221 alia
1096 2177 1444 2237 praetermisi3
1509 2190 1639 2237 quae
1685 2178 1725 2222 si

242 2263 382 2325 queri
420 2258 565 2305 velim
603 2261 896 2320 praeterita,
933 2255 1052 2302 nihil
1089 2272 1254 2318 agam,
1291 2258 1382 2300 nisi
1419 2260 1476 2300 ut
1511 2271 1723 2317 augeam

305 2431 321 2449 ‘³
352 2425 444 2464 'l'he
474 2425 749 2475 prosecution
780 2423 847 2461 for
878 2421 1183 2461 inalvcrsalion
1211 2422 1252 2459 in
1289 2419 1354 2458 his
1388 2420 1592 2470 province
1620 2419 1724 2460 with

249 2480 387 2519 which
424 2479 476 2518 hc
507 2492 593 2516 was
621 2476 876 2516 threatened
912 2476 969 2529 by
1003 2477 1174 2528 Appius
1209 2472 1435 2520 Claudius,
1464 2472 1646 2526 nephew
1677 2475 1728 2516 of

245 2533 439 2575 Clodius,
498 2531 680 2584 'l‘yrrelh

249 2599 346 2645 4oe
