1837 3029
195 1099 219 1138 10

862 144 1114 193 CICERO

243 281 322 321 tas
348 290 480 330 mea,
508 274 680 331 Brute,
708 275 770 322 de
799 293 994 321 summa
1021 292 1074 322 re
1102 275 1302 338 publica
1327 291 1528 338 semper
1555 275 1733 323 eadem

245 347 358 404 fuit,
389 366 518 412 quae
549 357 655 405 tua,
687 354 813 396 ratio
845 350 1147 412 quibusdam
1175 353 1227 396 in
1254 351 1572 398 rebus—non
1601 354 1736 398 enim

245 424 708 486 omnibus—paullo
762 423 973 470 fortasse
1028 423 1390 471 vehementior.
1460 423 1563 472 Seis
1614 423 1736 471 mihi

245 514 445 560 semper
474 498 717 561 placuisse
747 515 847 544 non
876 514 996 562 rege
1027 498 1204 554 solum,
1234 498 1324 545 sed
1352 515 1509 563 regno
1536 498 1735 546 liberari

246 588 352 618 rem
375 573 627 635 publicam
652 589 662 618 z
704 579 762 618 tu
785 572 963 628 lenius,
988 572 1259 619 immortali
1283 576 1484 620 omnino
1509 589 1624 620 eum
1646 579 1736 620 tua

246 646 411 702 laude,
430 647 536 700 sed,
557 647 676 709 quid
696 646 872 693 melius
891 645 1062 702 fuerit,
1082 664 1266 710 magno
1285 647 1455 694 dolore
1474 649 1736 702 sensimus,

246 737 429 784 magno
464 721 684 783 periculo
719 725 979 767 sentimus.
1050 720 1263 768 Recenti
1296 721 1378 768 illo
1414 729 1643 785 tempore
1678 728 1736 768 tu

246 799 411 841 onmia
443 796 505 842 ad
536 812 731 857 pacem,
763 813 892 858 quae
924 798 1150 842 oratione
1181 796 1356 842 confici
1386 813 1486 843 non
1515 802 1736 859 poterat,

246 886 340 933 ego
373 874 539 916 onmia
573 870 636 916 ad
669 870 979 925 libertatem,
1012 886 1143 933 quae
1176 873 1282 917 sine
1315 886 1440 932 paee
1472 870 1608 916 nulla
1641 877 1736 926 est,

245 961 420 1006 pacem
440 949 600 1006 ipsam
619 944 750 991 bello
771 952 925 1008 atque
945 948 1093 991 armis
1115 944 1240 991 effici
1257 961 1403 1007 posse
1425 945 1735 992 arbitrabar:

245 1019 410 1065 studio
454 1036 552 1065 non
595 1019 808 1065 deerant
851 1036 989 1065 arma
1030 1023 1364 1081 poscentium,
1407 1036 1621 1082 quorum
1660 1034 1736 1065 re-

244 1098 512 1154 pressimus
529 1097 777 1155 impetum
793 1093 1126 1156 ardoremque
1141 1097 1481 1140 restinximus.
1553 1093 1735 1156 Itaque

243 1184 320 1214 res
347 1171 397 1214 in
424 1185 539 1214 eum
565 1168 729 1214 locum
755 1175 982 1223 venerat,
1008 1176 1082 1223 ut,
1108 1171 1202 1214 nisi
1228 1167 1430 1214 Caesari
1456 1168 1735 1216 Octaviano

241 1241 364 1288 deus
400 1242 605 1305 quidam
638 1242 773 1288 illam
805 1249 1033 1288 mentem
1066 1242 1307 1298 dedisset,
1339 1245 1391 1288 in
1422 1248 1735 1305 potestatem

242 1317 565 1378 perditissimi
588 1316 800 1362 hominis
826 1323 879 1363 et
901 1320 1176 1379 turpissimi
1201 1316 1275 1363 M.
1301 1318 1511 1363 Antonii
1533 1319 1736 1362 venien-

242 1391 361 1437 dum
389 1391 559 1446 fuerit,
589 1408 803 1454 quocum
832 1391 969 1438 vides
997 1390 1090 1437 hoe
1117 1398 1347 1454 tempore
1375 1394 1482 1454 ipso
1510 1390 1645 1454 quod
1671 1392 1736 1436 sit

242 1474 591 1529 quantumque
634 1474 928 1512 certamen:
989 1466 1038 1512 id
1080 1464 1307 1528 profecto
1349 1462 1541 1512 nullum
1584 1462 1735 1518 esset,

242 1545 333 1587 nisi
388 1549 498 1587 tum
553 1548 874 1587 conservatus
932 1548 1065 1586 esset
1121 1542 1387 1586 Antonius.
1458 1539 1557 1586 Sed
1610 1538 1735 1584 haee

240 1619 456 1662 omitto:
507 1632 585 1662 res
621 1619 754 1661 enim
789 1632 817 1660 a
849 1623 902 1662 te
935 1622 1082 1677 gesta
1114 1614 1451 1661 memorabilis
1486 1621 1540 1661 et
1571 1628 1734 1676 paene

239 1690 469 1736 caelestis
498 1689 697 1751 repellit
725 1706 898 1736 omnes
926 1689 1360 1751 reprehensiones,
1389 1693 1576 1752 quippe
1604 1703 1734 1751 quae

239 1781 302 1810 ne
330 1765 478 1810 laude
507 1764 712 1826 quidem
739 1768 859 1810 satis
887 1764 1068 1810 idonea
1095 1765 1220 1810 affici
1246 1767 1418 1826 possit.
1479 1763 1735 1810 Exstitisti

240 1856 400 1901 nuper
451 1839 593 1885 vultu
645 1855 818 1884 severo
844 1854 855 1893 ;
926 1842 1223 1894 exercitum,
1274 1842 1459 1900 copias,
1510 1837 1734 1901 legiones

239 1914 444 1960 idoneas
485 1930 575 1975 per
616 1921 666 1958 te
709 1914 847 1959 brevi
887 1920 1118 1974 tempore
1159 1916 1497 1974 comparasti:
1555 1911 1606 1958 di
1644 1914 1734 1958 im-

239 1987 476 2034 mortales
503 1988 510 2033 1
563 1991 646 2050 qui
679 1987 758 2034 ille
791 1991 1014 2042 nuntius,
1046 2003 1176 2049 quae
1207 1987 1320 2033 illae
1352 1987 1572 2042 litterae,
1603 2001 1733 2049 quae

239 2062 434 2108 laetitia
469 2070 693 2117 senatus,
730 2079 860 2124 quae
896 2062 1125 2108 alacritas
1162 2064 1378 2107 civitatis
1415 2061 1558 2107 erat!
1613 2059 1734 2106 nihil

240 2153 480 2199 umquam
524 2136 623 2182 vidi
666 2143 773 2183 tam
816 2139 1041 2182 omnium
1083 2139 1409 2182 consensione
1451 2134 1730 2181 laudatum.

305 2291 323 2309 ⁰
353 2285 458 2324 This
499 2286 631 2324 refers
670 2289 716 2325 to
755 2285 829 2325 the
869 2284 1095 2325 seduction
1136 2285 1188 2325 of
1223 2283 1444 2335 Antony's
1482 2287 1632 2335 troops
1670 2282 1731 2335 by

246 2340 461 2379 Oet-mian
500 2341 541 2378 111
578 2339 828 2378 Nomnber
863 2342 916 2378 ss
950 2353 1045 2384 1³..,c
1078 2339 1218 2378 11111(·11
1253 2341 1295 2378 111
1326 2338 1518 2378 Cicero's
1551 2338 1732 2389 opinion

248 2393 482 2446 prenntcd
505 2409 528 2432 ·1
554 2393 746 2434 militm
768 2394 954 2432 1111111111
958 2393 1054 2445 *lup
1076 2393 1134 2435 111
1161 2396 1355 2444 11110115.

308 2448 323 2472 ⁶
357 2448 517 2487 Brutus
544 2447 629 2486 had
656 2447 809 2487 vetoed
835 2462 860 2486 a
886 2437 1140 2499 suggestion
1167 2447 1228 2499 by
1253 2447 1320 2487 his
1342 2445 1506 2487 fellow-
1490 2447 1732 2498 c-onspira-

247 2507 350 2551 tors,
370 2502 466 2544 that
488 2504 669 2554 Antony
691 2506 763 2543 too
784 2501 940 2542 should
965 2502 1016 2542 be
1038 2501 1173 2542 killed
1194 2515 1250 2542 on
1272 2501 1346 2542 the
1368 2499 1468 2542 Ides
1487 2501 1539 2546 of
1556 2499 1727 2546 March.

238 2573 328 2615 638
