<?xml version="1.0" encoding="UTF-8"?>
<!DOCTYPE html PUBLIC "-//W3C//DTD XHTML 1.0 Transitional//EN"
    "http://www.w3.org/TR/xhtml1/DTD/xhtml1-transitional.dtd">
<html xmlns="http://www.w3.org/1999/xhtml" xml:lang="en" lang="en">
 <head>
  <title>
</title>
<meta http-equiv="Content-Type" content="text/html;charset=utf-8" />
  <meta name='ocr-system' content='tesseract 3.04.00' />
  <meta name='ocr-capabilities' content='ocr_page ocr_carea ocr_par ocr_line ocrx_word'/>
</head>
<body>
  <div class='ocr_page' id='page_1' title='image "./letterstohisfrie03ciceuoft_0134.png"; bbox 0 0 1868 3040; ppageno 0'>
   <div class='ocr_carea' id='block_1_1' title="bbox 916 167 1167 214">
    <p class='ocr_par' dir='ltr' id='par_1_1' title="bbox 916 167 1167 214">
     <span class='ocr_line' id='line_1_1' title="bbox 916 167 1167 214; baseline -0.004 0"><span class='ocrx_word' id='word_1_1' title='bbox 916 167 1167 214; x_wconf 85' lang='lat' dir='ltr'><strong>CICERO</strong></span> 
     </span>
    </p>
   </div>
   <div class='ocr_carea' id='block_1_2' title="bbox 294 296 1785 762">
    <p class='ocr_par' dir='ltr' id='par_1_2' title="bbox 294 296 1785 762">
     <span class='ocr_line' id='line_1_2' title="bbox 295 296 1783 361; baseline 0 -16"><span class='ocrx_word' id='word_1_2' title='bbox 295 299 476 361; x_wconf 87' lang='lat' dir='ltr'>quibus</span> <span class='ocrx_word' id='word_1_3' title='bbox 505 315 620 345; x_wconf 85' lang='lat' dir='ltr'>eum</span> <span class='ocrx_word' id='word_1_4' title='bbox 649 298 810 343; x_wconf 65' lang='lat' dir='ltr'>verbis·</span> <span class='ocrx_word' id='word_1_5' title='bbox 837 298 927 342; x_wconf 81' lang='lat' dir='ltr'>tibi</span> <span class='ocrx_word' id='word_1_6' title='bbox 955 296 1324 352; x_wconf 88' lang='lat' dir='ltr'>commendem,</span> <span class='ocrx_word' id='word_1_7' title='bbox 1351 313 1450 359; x_wconf 92' lang='lat' dir='ltr'>quo</span> <span class='ocrx_word' id='word_1_8' title='bbox 1475 300 1544 344; x_wconf 88' lang='lat' dir='ltr'>sic</span> <span class='ocrx_word' id='word_1_9' title='bbox 1570 304 1701 354; x_wconf 84' lang='lat' dir='ltr'>utar,</span> <span class='ocrx_word' id='word_1_10' title='bbox 1727 306 1783 345; x_wconf 89' lang='lat' dir='ltr'>ut</span> 
     </span>
     <span class='ocr_line' id='line_1_3' title="bbox 295 365 1784 428; baseline 0 -16"><span class='ocrx_word' id='word_1_11' title='bbox 295 368 482 428; x_wconf 82' lang='lat' dir='ltr'>scripsi.</span> <span class='ocrx_word' id='word_1_12' title='bbox 553 365 726 410; x_wconf 85' lang='lat' dir='ltr'>Habet</span> <span class='ocrx_word' id='word_1_13' title='bbox 771 367 810 410; x_wconf 85' lang='lat' dir='ltr'>is</span> <span class='ocrx_word' id='word_1_14' title='bbox 857 367 906 408; x_wconf 90' lang='lat' dir='ltr'>in</span> <span class='ocrx_word' id='word_1_15' title='bbox 952 366 1206 425; x_wconf 83' lang='lat' dir='ltr'>provincia</span> <span class='ocrx_word' id='word_1_16' title='bbox 1249 370 1340 410; x_wconf 86' lang='lat' dir='ltr'>tua</span> <span class='ocrx_word' id='word_1_17' title='bbox 1384 367 1608 427; x_wconf 87' lang='lat' dir='ltr'>negotia,</span> <span class='ocrx_word' id='word_1_18' title='bbox 1652 382 1784 428; x_wconf 88' lang='lat' dir='ltr'>quae</span> 
     </span>
     <span class='ocr_line' id='line_1_4' title="bbox 296 430 1784 494; baseline 0.001 -16"><span class='ocrx_word' id='word_1_19' title='bbox 296 439 566 494; x_wconf 83' lang='lat' dir='ltr'>procurant</span> <span class='ocrx_word' id='word_1_20' title='bbox 601 432 786 484; x_wconf 86' lang='lat' dir='ltr'>liberti,</span> <span class='ocrx_word' id='word_1_21' title='bbox 821 430 1039 485; x_wconf 83' lang='lat' dir='ltr'>Hilarus,</span> <span class='ocrx_word' id='word_1_22' title='bbox 1072 431 1377 493; x_wconf 79' lang='lat' dir='ltr'>Antigonus,</span> <span class='ocrx_word' id='word_1_23' title='bbox 1411 430 1784 488; x_wconf 83' lang='lat' dir='ltr'><strong>Demostratus,</strong></span> 
     </span>
     <span class='ocr_line' id='line_1_5' title="bbox 296 497 1785 561; baseline -0.001 -16"><span class='ocrx_word' id='word_1_24' title='bbox 296 516 420 561; x_wconf 87' lang='lat' dir='ltr'>quos</span> <span class='ocrx_word' id='word_1_25' title='bbox 451 499 542 545; x_wconf 94' lang='lat' dir='ltr'>tibi</span> <span class='ocrx_word' id='word_1_26' title='bbox 575 501 881 561; x_wconf 81' lang='lat' dir='ltr'>negotiaque</span> <span class='ocrx_word' id='word_1_27' title='bbox 912 500 1079 543; x_wconf 90' lang='lat' dir='ltr'>omnia</span> <span class='ocrx_word' id='word_1_28' title='bbox 1111 497 1322 543; x_wconf 79' lang='lat' dir='ltr'>Nasonis</span> <span class='ocrx_word' id='word_1_29' title='bbox 1352 514 1452 544; x_wconf 92' lang='lat' dir='ltr'>non</span> <span class='ocrx_word' id='word_1_30' title='bbox 1480 514 1622 544; x_wconf 91' lang='lat' dir='ltr'>secus</span> <span class='ocrx_word' id='word_1_31' title='bbox 1652 515 1785 546; x_wconf 91' lang='lat' dir='ltr'>com-</span> 
     </span>
     <span class='ocr_line' id='line_1_6' title="bbox 296 563 1784 621; baseline 0.001 -9"><span class='ocrx_word' id='word_1_32' title='bbox 296 566 499 619; x_wconf 73' lang='lat' dir='ltr'>mendo,</span> <span class='ocrx_word' id='word_1_33' title='bbox 526 581 581 610; x_wconf 88' lang='lat' dir='ltr'>ac</span> <span class='ocrx_word' id='word_1_34' title='bbox 607 568 646 610; x_wconf 90' lang='lat' dir='ltr'>si</span> <span class='ocrx_word' id='word_1_35' title='bbox 672 581 787 610; x_wconf 88' lang='lat' dir='ltr'>mea</span> <span class='ocrx_word' id='word_1_36' title='bbox 812 571 996 610; x_wconf 80' lang='lat' dir='ltr'>essent.</span> <span class='ocrx_word' id='word_1_37' title='bbox 1066 563 1419 610; x_wconf 81' lang='lat' dir='ltr'><strong>Gratissimum</strong></span> <span class='ocrx_word' id='word_1_38' title='bbox 1444 563 1564 610; x_wconf 87' lang='lat' dir='ltr'>mihi</span> <span class='ocrx_word' id='word_1_39' title='bbox 1589 563 1784 621; x_wconf 86' lang='lat' dir='ltr'>feceriS,</span> 
     </span>
     <span class='ocr_line' id='line_1_7' title="bbox 296 630 1784 696; baseline 0.001 -18"><span class='ocrx_word' id='word_1_40' title='bbox 296 637 335 679; x_wconf 89' lang='lat' dir='ltr'>si</span> <span class='ocrx_word' id='word_1_41' title='bbox 366 632 664 678; x_wconf 75' lang='lat' dir='ltr'>intellexero</span> <span class='ocrx_word' id='word_1_42' title='bbox 694 630 824 677; x_wconf 81' lang='lat' dir='ltr'>hanc</span> <span class='ocrx_word' id='word_1_43' title='bbox 854 631 1347 678; x_wconf 81' lang='lat' dir='ltr'>commendationem</span> <span class='ocrx_word' id='word_1_44' title='bbox 1376 647 1619 695; x_wconf 87' lang='lat' dir='ltr'>magnum</span> <span class='ocrx_word' id='word_1_45' title='bbox 1649 633 1784 696; x_wconf 84' lang='lat' dir='ltr'>apud</span> 
     </span>
     <span class='ocr_line' id='line_1_8' title="bbox 294 697 852 762; baseline -0.004 -15"><span class='ocrx_word' id='word_1_46' title='bbox 294 705 349 747; x_wconf 77' lang='lat' dir='ltr'>te</span> <span class='ocrx_word' id='word_1_47' title='bbox 376 700 573 762; x_wconf 91' lang='lat' dir='ltr'>pondus</span> <span class='ocrx_word' id='word_1_48' title='bbox 602 697 852 745; x_wconf 86' lang='lat' dir='ltr'>habuisse.</span> 
     </span>
    </p>
   </div>
   <div class='ocr_carea' id='block_1_3' title="bbox 933 814 1155 861">
    <p class='ocr_par' dir='ltr' id='par_1_3' title="bbox 933 814 1155 861">
     <span class='ocr_line' id='line_1_9' title="bbox 933 814 1155 861; baseline -0.005 0"><span class='ocrx_word' id='word_1_49' title='bbox 933 814 1155 861; x_wconf 91' lang='lat' dir='ltr'>XXXIV</span> 
     </span>
    </p>
   </div>
   <div class='ocr_carea' id='block_1_4' title="bbox 638 938 1466 1082">
    <p class='ocr_par' dir='ltr' id='par_1_4' title="bbox 638 938 1466 1082">
     <span class='ocr_line' id='line_1_10' title="bbox 638 938 1466 972; baseline 0 0"><span class='ocrx_word' id='word_1_50' title='bbox 638 938 694 972; x_wconf 73' lang='grc' dir='ltr'>Μ.</span> <span class='ocrx_word' id='word_1_51' title='bbox 729 939 775 971; x_wconf 81' lang='grc' dir='ltr'>Τ.</span> <span class='ocrx_word' id='word_1_52' title='bbox 812 940 853 970; x_wconf 87' lang='lat' dir='ltr'>C.</span> <span class='ocrx_word' id='word_1_53' title='bbox 889 939 926 970; x_wconf 90' lang='lat' dir='ltr'>S.</span> <span class='ocrx_word' id='word_1_54' title='bbox 964 939 1008 970; x_wconf 89' lang='lat' dir='ltr'>P.</span> <span class='ocrx_word' id='word_1_55' title='bbox 1047 940 1092 970; x_wconf 81' lang='lat' dir='ltr'>D.</span> <span class='ocrx_word' id='word_1_56' title='bbox 1129 939 1289 970; x_wconf 81' lang='lat' dir='ltr'>ACILIO</span> <span class='ocrx_word' id='word_1_57' title='bbox 1325 938 1466 972; x_wconf 82' lang='lat' dir='ltr'><strong>PROC·</strong></span> 
     </span>
     <span class='ocr_line' id='line_1_11' title="bbox 789 1030 1323 1082; baseline -0.002 -10"><span class='ocrx_word' id='word_1_58' title='bbox 789 1031 959 1072; x_wconf 83' lang='lat' dir='ltr'>Romae</span> <span class='ocrx_word' id='word_1_59' title='bbox 980 1030 1050 1082; x_wconf 74' lang='grc' dir='ltr'>(Ρ),</span> <span class='ocrx_word' id='word_1_60' title='bbox 1070 1044 1203 1072; x_wconf 74' lang='grc' dir='ltr'><strong>Α.υ.ο.</strong></span> <span class='ocrx_word' id='word_1_61' title='bbox 1226 1034 1323 1071; x_wconf 82' lang='grc'><strong>709.</strong></span> 
     </span>
    </p>
   </div>
   <div class='ocr_carea' id='block_1_5' title="bbox 292 1125 1785 1645">
    <p class='ocr_par' dir='ltr' id='par_1_5' title="bbox 292 1125 1785 1645">
     <span class='ocr_line' id='line_1_12' title="bbox 358 1125 1782 1191; baseline -0.001 -16"><span class='ocrx_word' id='word_1_62' title='bbox 358 1127 566 1175; x_wconf 89' lang='lat' dir='ltr'>Avitum</span> <span class='ocrx_word' id='word_1_63' title='bbox 600 1125 720 1172; x_wconf 85' lang='lat' dir='ltr'>mihi</span> <span class='ocrx_word' id='word_1_64' title='bbox 754 1125 1026 1188; x_wconf 82' lang='lat' dir='ltr'>hospitium</span> <span class='ocrx_word' id='word_1_65' title='bbox 1061 1134 1138 1172; x_wconf 85' lang='lat' dir='ltr'>est</span> <span class='ocrx_word' id='word_1_66' title='bbox 1171 1143 1283 1172; x_wconf 88' lang='lat' dir='ltr'>cum</span> <span class='ocrx_word' id='word_1_67' title='bbox 1320 1126 1538 1189; x_wconf 84' lang='lat' dir='ltr'>Lysone,</span> <span class='ocrx_word' id='word_1_68' title='bbox 1572 1126 1782 1191; x_wconf 84' lang='lat' dir='ltr'>Lysonis</span> 
     </span>
     <span class='ocr_line' id='line_1_13' title="bbox 295 1194 1783 1257; baseline 0 -16"><span class='ocrx_word' id='word_1_69' title='bbox 295 1195 413 1249; x_wconf 86' lang='lat' dir='ltr'>filio,</span> <span class='ocrx_word' id='word_1_70' title='bbox 436 1195 743 1257; x_wconf 80' lang='lat' dir='ltr'>Lilybitano,</span> <span class='ocrx_word' id='word_1_71' title='bbox 765 1194 1011 1256; x_wconf 74' lang='lat' dir='ltr'>valdeque</span> <span class='ocrx_word' id='word_1_72' title='bbox 1034 1194 1097 1239; x_wconf 87' lang='lat' dir='ltr'>ab</span> <span class='ocrx_word' id='word_1_73' title='bbox 1120 1210 1179 1240; x_wconf 91' lang='lat' dir='ltr'>eo</span> <span class='ocrx_word' id='word_1_74' title='bbox 1200 1194 1452 1249; x_wconf 76' lang='lat' dir='ltr'>observor,</span> <span class='ocrx_word' id='word_1_75' title='bbox 1471 1199 1783 1257; x_wconf 85' lang='lat' dir='ltr'>cognovique</span> 
     </span>
     <span class='ocr_line' id='line_1_14' title="bbox 292 1261 1778 1325; baseline -0.001 -17"><span class='ocrx_word' id='word_1_76' title='bbox 292 1262 503 1325; x_wconf 83' lang='lat' dir='ltr'>dignum</span> <span class='ocrx_word' id='word_1_77' title='bbox 523 1269 576 1307; x_wconf 86' lang='lat' dir='ltr'>et</span> <span class='ocrx_word' id='word_1_78' title='bbox 595 1269 740 1323; x_wconf 84' lang='lat' dir='ltr'>patre</span> <span class='ocrx_word' id='word_1_79' title='bbox 761 1268 814 1307; x_wconf 88' lang='lat' dir='ltr'>et</span> <span class='ocrx_word' id='word_1_80' title='bbox 835 1277 926 1307; x_wconf 91' lang='lat' dir='ltr'>avo</span> <span class='ocrx_word' id='word_1_81' title='bbox 950 1276 961 1315; x_wconf 83' lang='lat'><em>3</em></span> <span class='ocrx_word' id='word_1_82' title='bbox 999 1268 1078 1307; x_wconf 84' lang='lat' dir='ltr'>est</span> <span class='ocrx_word' id='word_1_83' title='bbox 1097 1264 1228 1306; x_wconf 91' lang='lat' dir='ltr'>enim</span> <span class='ocrx_word' id='word_1_84' title='bbox 1251 1261 1557 1307; x_wconf 87' lang='lat' dir='ltr'>nobilissima</span> <span class='ocrx_word' id='word_1_85' title='bbox 1574 1261 1778 1308; x_wconf 84' lang='lat' dir='ltr'>familia.</span> 
     </span>
     <span class='ocr_line' id='line_1_15' title="bbox 295 1328 1782 1391; baseline -0.001 -16"><span class='ocrx_word' id='word_1_86' title='bbox 295 1330 620 1391; x_wconf 85' lang='lat' dir='ltr'>Quapropter</span> <span class='ocrx_word' id='word_1_87' title='bbox 647 1328 946 1375; x_wconf 87' lang='lat' dir='ltr'>commendo</span> <span class='ocrx_word' id='word_1_88' title='bbox 974 1329 1065 1374; x_wconf 88' lang='lat' dir='ltr'>tibi</span> <span class='ocrx_word' id='word_1_89' title='bbox 1094 1331 1335 1374; x_wconf 85' lang='lat' dir='ltr'>maiorem</span> <span class='ocrx_word' id='word_1_90' title='bbox 1363 1332 1414 1374; x_wconf 90' lang='lat' dir='ltr'>in</span> <span class='ocrx_word' id='word_1_91' title='bbox 1443 1329 1646 1375; x_wconf 90' lang='lat' dir='ltr'>modum</span> <span class='ocrx_word' id='word_1_92' title='bbox 1675 1345 1782 1375; x_wconf 88' lang='lat' dir='ltr'>rem</span> 
     </span>
     <span class='ocr_line' id='line_1_16' title="bbox 295 1395 1784 1458; baseline -0.001 -15"><span class='ocrx_word' id='word_1_93' title='bbox 295 1397 605 1458; x_wconf 89' lang='lat' dir='ltr'>domumque</span> <span class='ocrx_word' id='word_1_94' title='bbox 664 1399 805 1450; x_wconf 80' lang='lat' dir='ltr'>eius3</span> <span class='ocrx_word' id='word_1_95' title='bbox 868 1411 1155 1457; x_wconf 63' lang='lat' dir='ltr'>magnoque</span> <span class='ocrx_word' id='word_1_96' title='bbox 1200 1411 1354 1457; x_wconf 87' lang='lat' dir='ltr'>opere</span> <span class='ocrx_word' id='word_1_97' title='bbox 1400 1395 1488 1441; x_wconf 86' lang='lat' dir='ltr'>abs</span> <span class='ocrx_word' id='word_1_98' title='bbox 1546 1403 1600 1442; x_wconf 90' lang='lat' dir='ltr'>te</span> <span class='ocrx_word' id='word_1_99' title='bbox 1645 1403 1784 1457; x_wconf 86' lang='lat' dir='ltr'>peto,</span> 
     </span>
     <span class='ocr_line' id='line_1_17' title="bbox 295 1461 1781 1525; baseline -0.001 -16"><span class='ocrx_word' id='word_1_100' title='bbox 295 1479 456 1517; x_wconf 84' lang='lat' dir='ltr'>cures,</span> <span class='ocrx_word' id='word_1_101' title='bbox 515 1470 573 1509; x_wconf 83' lang='lat' dir='ltr'>ut</span> <span class='ocrx_word' id='word_1_102' title='bbox 629 1465 669 1508; x_wconf 90' lang='lat' dir='ltr'>is</span> <span class='ocrx_word' id='word_1_103' title='bbox 726 1461 1011 1525; x_wconf 82' lang='lat' dir='ltr'>intellegat,</span> <span class='ocrx_word' id='word_1_104' title='bbox 1067 1478 1235 1507; x_wconf 87' lang='lat' dir='ltr'>meam</span> <span class='ocrx_word' id='word_1_105' title='bbox 1292 1462 1781 1509; x_wconf 84' lang='lat' dir='ltr'>commendationem</span> 
     </span>
     <span class='ocr_line' id='line_1_18' title="bbox 296 1529 1785 1592; baseline 0.001 -17"><span class='ocrx_word' id='word_1_106' title='bbox 296 1533 517 1577; x_wconf 80' lang='lat' dir='ltr'>maximo</span> <span class='ocrx_word' id='word_1_107' title='bbox 557 1529 650 1576; x_wconf 93' lang='lat' dir='ltr'>sibi</span> <span class='ocrx_word' id='word_1_108' title='bbox 691 1529 828 1592; x_wconf 87' lang='lat' dir='ltr'>apud</span> <span class='ocrx_word' id='word_1_109' title='bbox 868 1536 922 1576; x_wconf 80' lang='lat' dir='ltr'>te</span> <span class='ocrx_word' id='word_1_110' title='bbox 964 1535 1018 1576; x_wconf 83' lang='lat' dir='ltr'>et</span> <span class='ocrx_word' id='word_1_111' title='bbox 1059 1529 1352 1576; x_wconf 83' lang='lat' dir='ltr'>adiumento</span> <span class='ocrx_word' id='word_1_112' title='bbox 1394 1535 1448 1576; x_wconf 81' lang='lat' dir='ltr'>et</span> <span class='ocrx_word' id='word_1_113' title='bbox 1487 1537 1785 1577; x_wconf 87' lang='lat' dir='ltr'>ornamento</span> 
     </span>
     <span class='ocr_line' id='line_1_19' title="bbox 295 1595 465 1645; baseline 0.012 -2"><span class='ocrx_word' id='word_1_114' title='bbox 295 1595 465 1645; x_wconf 84' lang='lat' dir='ltr'>fuisse.</span> 
     </span>
    </p>
   </div>
   <div class='ocr_carea' id='block_1_6' title="bbox 607 1702 1433 1970">
    <p class='ocr_par' dir='ltr' id='par_1_6' title="bbox 607 1702 1433 1970">
     <span class='ocr_line' id='line_1_20' title="bbox 945 1702 1138 1749; baseline 0 0"><span class='ocrx_word' id='word_1_115' title='bbox 945 1702 1138 1749; x_wconf 84' lang='lat' dir='ltr'>XXXV</span> 
     </span>
     <span class='ocr_line' id='line_1_21' title="bbox 607 1825 1433 1861; baseline 0 -1"><span class='ocrx_word' id='word_1_116' title='bbox 607 1826 663 1861; x_wconf 74' lang='grc' dir='ltr'>Μ.</span> <span class='ocrx_word' id='word_1_117' title='bbox 699 1827 743 1858; x_wconf 92' lang='grc' dir='ltr'>Τ.</span> <span class='ocrx_word' id='word_1_118' title='bbox 781 1827 821 1858; x_wconf 88' lang='lat' dir='ltr'>c.</span> <span class='ocrx_word' id='word_1_119' title='bbox 858 1827 894 1858; x_wconf 91' lang='lat' dir='ltr'>S.</span> <span class='ocrx_word' id='word_1_120' title='bbox 933 1827 976 1858; x_wconf 89' lang='lat' dir='ltr'>P.</span> <span class='ocrx_word' id='word_1_121' title='bbox 1015 1828 1060 1857; x_wconf 92' lang='lat' dir='ltr'>D.</span> <span class='ocrx_word' id='word_1_122' title='bbox 1098 1827 1258 1858; x_wconf 77' lang='lat' dir='ltr'>ACILIO</span> <span class='ocrx_word' id='word_1_123' title='bbox 1293 1825 1433 1860; x_wconf 73' lang='lat' dir='ltr'>PROC-</span> 
     </span>
     <span class='ocr_line' id='line_1_22' title="bbox 761 1918 1293 1970; baseline 0.002 -12"><span class='ocrx_word' id='word_1_124' title='bbox 761 1919 930 1959; x_wconf 84' lang='lat' dir='ltr'>Romae</span> <span class='ocrx_word' id='word_1_125' title='bbox 950 1918 1020 1970; x_wconf 66' lang='grc' dir='ltr'>(ἓ),</span> <span class='ocrx_word' id='word_1_126' title='bbox 1041 1932 1173 1959; x_wconf 78' lang='lat' dir='ltr'>A.U.c.</span> <span class='ocrx_word' id='word_1_127' title='bbox 1197 1921 1293 1959; x_wconf 84' lang='lat'>709.</span> 
     </span>
    </p>
   </div>
   <div class='ocr_carea' id='block_1_7' title="bbox 251 2013 1786 2146">
    <p class='ocr_par' dir='ltr' id='par_1_7' title="bbox 251 2013 1786 2146">
     <span class='ocr_line' id='line_1_23' title="bbox 251 2013 1786 2076; baseline -0.001 -14"><span class='ocrx_word' id='word_1_128' title='bbox 251 2024 269 2062; x_wconf 95' lang='lat'>1</span> <span class='ocrx_word' id='word_1_129' title='bbox 361 2016 415 2063; x_wconf 82' lang='lat' dir='ltr'>O.</span> <span class='ocrx_word' id='word_1_130' title='bbox 446 2015 687 2062; x_wconf 83' lang='lat' dir='ltr'>Avianius</span> <span class='ocrx_word' id='word_1_131' title='bbox 715 2014 1019 2062; x_wconf 83' lang='lat' dir='ltr'>Philoxenus</span> <span class='ocrx_word' id='word_1_132' title='bbox 1048 2018 1284 2076; x_wconf 82' lang='lat' dir='ltr'>antiquus</span> <span class='ocrx_word' id='word_1_133' title='bbox 1313 2022 1391 2061; x_wconf 86' lang='lat' dir='ltr'>est</span> <span class='ocrx_word' id='word_1_134' title='bbox 1418 2013 1598 2076; x_wconf 88' lang='lat' dir='ltr'>hospes</span> <span class='ocrx_word' id='word_1_135' title='bbox 1626 2031 1786 2069; x_wconf 89' lang='lat' dir='ltr'>meus,</span> 
     </span>
     <span class='ocr_line' id='line_1_24' title="bbox 298 2080 1784 2146; baseline -0.003 -16"><span class='ocrx_word' id='word_1_136' title='bbox 298 2092 352 2131; x_wconf 83' lang='lat' dir='ltr'>et</span> <span class='ocrx_word' id='word_1_137' title='bbox 389 2091 593 2146; x_wconf 84' lang='lat' dir='ltr'>praeter</span> <span class='ocrx_word' id='word_1_138' title='bbox 631 2082 903 2144; x_wconf 84' lang='lat' dir='ltr'>hospitium</span> <span class='ocrx_word' id='word_1_139' title='bbox 945 2082 1088 2128; x_wconf 82' lang='lat' dir='ltr'>valde</span> <span class='ocrx_word' id='word_1_140' title='bbox 1129 2085 1284 2128; x_wconf 83' lang='lat' dir='ltr'>etiam</span> <span class='ocrx_word' id='word_1_141' title='bbox 1323 2080 1595 2136; x_wconf 82' lang='lat' dir='ltr'>familiaris,</span> <span class='ocrx_word' id='word_1_142' title='bbox 1634 2099 1784 2144; x_wconf 91' lang='lat' dir='ltr'>quem</span> 
     </span>
    </p>
   </div>
   <div class='ocr_carea' id='block_1_8' title="bbox 307 2170 564 2176">
    <p class='ocr_par' dir='ltr' id='par_1_8' title="bbox 307 2170 564 2176">
     <span class='ocr_line' id='line_1_25' title="bbox 307 2170 564 2176; baseline 0 0"><span class='ocrx_word' id='word_1_143' title='bbox 307 2170 564 2176; x_wconf 95' lang='lat' dir='ltr'> </span> 
     </span>
    </p>
   </div>
   <div class='ocr_carea' id='block_1_9' title="bbox 295 2199 1789 2574">
    <p class='ocr_par' dir='ltr' id='par_1_9' title="bbox 295 2199 1786 2309">
     <span class='ocr_line' id='line_1_26' title="bbox 356 2199 1786 2253; baseline -0.001 -12"><span class='ocrx_word' id='word_1_144' title='bbox 356 2207 374 2226; x_wconf 82' lang='lat'>⁶</span> <span class='ocrx_word' id='word_1_145' title='bbox 404 2201 556 2241; x_wconf 84' lang='lat' dir='ltr'>Cicero</span> <span class='ocrx_word' id='word_1_146' title='bbox 570 2214 657 2241; x_wconf 82' lang='lat' dir='ltr'>was</span> <span class='ocrx_word' id='word_1_147' title='bbox 675 2203 882 2253; x_wconf 85' lang='lat' dir='ltr'>quaestor</span> <span class='ocrx_word' id='word_1_148' title='bbox 895 2201 944 2240; x_wconf 89' lang='lat' dir='ltr'>of</span> <span class='ocrx_word' id='word_1_149' title='bbox 958 2199 1218 2252; x_wconf 84' lang='lat' dir='ltr'>Lilybaeum</span> <span class='ocrx_word' id='word_1_150' title='bbox 1235 2201 1277 2240; x_wconf 90' lang='lat' dir='ltr'>in</span> <span class='ocrx_word' id='word_1_151' title='bbox 1297 2203 1349 2240; x_wconf 82' lang='lat'>75</span> <span class='ocrx_word' id='word_1_152' title='bbox 1362 2202 1440 2240; x_wconf 78' lang='lat'>-74</span> <span class='ocrx_word' id='word_1_153' title='bbox 1461 2213 1539 2240; x_wconf 81' lang='lat' dir='ltr'>1³.c.</span> <span class='ocrx_word' id='word_1_154' title='bbox 1555 2199 1698 2241; x_wconf 88' lang='lat' dir='ltr'>under</span> <span class='ocrx_word' id='word_1_155' title='bbox 1713 2199 1786 2240; x_wconf 86' lang='lat' dir='ltr'>the</span> 
     </span>
     <span class='ocr_line' id='line_1_27' title="bbox 295 2254 901 2309; baseline -0.003 -13"><span class='ocrx_word' id='word_1_156' title='bbox 295 2259 471 2309; x_wconf 83' lang='lat' dir='ltr'>praetor</span> <span class='ocrx_word' id='word_1_157' title='bbox 490 2254 607 2294; x_wconf 71' lang='lat' dir='ltr'>Sext.</span> <span class='ocrx_word' id='word_1_158' title='bbox 632 2254 901 2294; x_wconf 56' lang='lat' dir='ltr'>Peducaeus</span> 
     </span>
    </p>

    <p class='ocr_par' dir='ltr' id='par_1_10' title="bbox 301 2306 1789 2574">
     <span class='ocr_line' id='line_1_28' title="bbox 363 2306 1785 2349; baseline -0.001 -1"><span class='ocrx_word' id='word_1_159' title='bbox 363 2310 378 2332; x_wconf 77' lang='lat'>‘²</span> <span class='ocrx_word' id='word_1_160' title='bbox 410 2309 473 2348; x_wconf 87' lang='lat' dir='ltr'>As</span> <span class='ocrx_word' id='word_1_161' title='bbox 494 2308 756 2349; x_wconf 84' lang='lat' dir='ltr'>Philoxenus</span> <span class='ocrx_word' id='word_1_162' title='bbox 773 2320 913 2348; x_wconf 89' lang='lat' dir='ltr'>seems</span> <span class='ocrx_word' id='word_1_163' title='bbox 932 2312 975 2347; x_wconf 92' lang='lat' dir='ltr'>to</span> <span class='ocrx_word' id='word_1_164' title='bbox 993 2307 1103 2347; x_wconf 85' lang='lat' dir='ltr'>have</span> <span class='ocrx_word' id='word_1_165' title='bbox 1120 2307 1230 2347; x_wconf 84' lang='lat' dir='ltr'>been</span> <span class='ocrx_word' id='word_1_166' title='bbox 1250 2306 1379 2347; x_wconf 90' lang='lat' dir='ltr'>made</span> <span class='ocrx_word' id='word_1_167' title='bbox 1394 2319 1422 2346; x_wconf 84' lang='lat' dir='ltr'>a</span> <span class='ocrx_word' id='word_1_168' title='bbox 1440 2306 1614 2348; x_wconf 84' lang='lat' dir='ltr'>Roman</span> <span class='ocrx_word' id='word_1_169' title='bbox 1631 2308 1785 2347; x_wconf 84' lang='lat' dir='ltr'>citizen</span> 
     </span>
     <span class='ocr_line' id='line_1_29' title="bbox 301 2360 1785 2414; baseline -0.001 -13"><span class='ocrx_word' id='word_1_170' title='bbox 301 2366 348 2403; x_wconf 88' lang='lat' dir='ltr'>at</span> <span class='ocrx_word' id='word_1_171' title='bbox 376 2362 566 2403; x_wconf 84' lang='lat' dir='ltr'>Cicero&#39;s</span> <span class='ocrx_word' id='word_1_172' title='bbox 595 2365 783 2414; x_wconf 86' lang='lat' dir='ltr'>request,</span> <span class='ocrx_word' id='word_1_173' title='bbox 814 2362 867 2401; x_wconf 86' lang='lat' dir='ltr'>he</span> <span class='ocrx_word' id='word_1_174' title='bbox 894 2361 1052 2401; x_wconf 88' lang='lat' dir='ltr'>should</span> <span class='ocrx_word' id='word_1_175' title='bbox 1083 2361 1193 2401; x_wconf 81' lang='lat' dir='ltr'>have</span> <span class='ocrx_word' id='word_1_176' title='bbox 1221 2361 1356 2401; x_wconf 86' lang='lat' dir='ltr'>taken</span> <span class='ocrx_word' id='word_1_177' title='bbox 1386 2360 1458 2401; x_wconf 90' lang='lat' dir='ltr'>the</span> <span class='ocrx_word' id='word_1_178' title='bbox 1486 2374 1616 2401; x_wconf 86' lang='lat' dir='ltr'>name</span> <span class='ocrx_word' id='word_1_179' title='bbox 1643 2361 1694 2401; x_wconf 85' lang='lat' dir='ltr'>of</span> <span class='ocrx_word' id='word_1_180' title='bbox 1720 2361 1785 2401; x_wconf 88' lang='lat' dir='ltr'>M.</span> 
     </span>
     <span class='ocr_line' id='line_1_30' title="bbox 303 2414 1786 2467; baseline -0.001 -11"><span class='ocrx_word' id='word_1_181' title='bbox 303 2415 471 2456; x_wconf 82' lang='lat' dir='ltr'>Tullius</span> <span class='ocrx_word' id='word_1_182' title='bbox 490 2433 501 2462; x_wconf 84' lang='lat'><strong>;</strong></span> <span class='ocrx_word' id='word_1_183' title='bbox 556 2416 637 2456; x_wconf 88' lang='lat' dir='ltr'>but</span> <span class='ocrx_word' id='word_1_184' title='bbox 673 2428 722 2455; x_wconf 83' lang='lat' dir='ltr'>as</span> <span class='ocrx_word' id='word_1_185' title='bbox 761 2415 912 2455; x_wconf 85' lang='lat' dir='ltr'>Cicero</span> <span class='ocrx_word' id='word_1_186' title='bbox 952 2415 1038 2455; x_wconf 82' lang='lat' dir='ltr'>had</span> <span class='ocrx_word' id='word_1_187' title='bbox 1078 2415 1297 2467; x_wconf 84' lang='lat' dir='ltr'>probably</span> <span class='ocrx_word' id='word_1_188' title='bbox 1337 2415 1453 2455; x_wconf 89' lang='lat' dir='ltr'>been·</span> <span class='ocrx_word' id='word_1_189' title='bbox 1483 2414 1687 2456; x_wconf 85' lang='lat' dir='ltr'>actuated</span> <span class='ocrx_word' id='word_1_190' title='bbox 1725 2415 1786 2466; x_wconf 89' lang='lat' dir='ltr'>by</span> 
     </span>
     <span class='ocr_line' id='line_1_31' title="bbox 306 2468 1789 2521; baseline 0 -12"><span class='ocrx_word' id='word_1_191' title='bbox 306 2470 556 2510; x_wconf 64' lang='lat' dir='ltr'>Avianius&#39;s</span> <span class='ocrx_word' id='word_1_192' title='bbox 577 2469 745 2512; x_wconf 83' lang='lat' dir='ltr'>advice.</span> <span class='ocrx_word' id='word_1_193' title='bbox 771 2469 1034 2510; x_wconf 80' lang='lat' dir='ltr'>Philoxenus</span> <span class='ocrx_word' id='word_1_194' title='bbox 1057 2469 1277 2521; x_wconf 83' lang='lat' dir='ltr'>preferred</span> <span class='ocrx_word' id='word_1_195' title='bbox 1301 2472 1346 2509; x_wconf 84' lang='lat' dir='ltr'>to</span> <span class='ocrx_word' id='word_1_196' title='bbox 1367 2468 1472 2509; x_wconf 86' lang='lat' dir='ltr'>take</span> <span class='ocrx_word' id='word_1_197' title='bbox 1495 2469 1568 2510; x_wconf 86' lang='lat' dir='ltr'>the</span> <span class='ocrx_word' id='word_1_198' title='bbox 1591 2482 1720 2509; x_wconf 89' lang='lat' dir='ltr'>name</span> <span class='ocrx_word' id='word_1_199' title='bbox 1739 2469 1789 2509; x_wconf 83' lang='lat' dir='ltr'>of</span> 
     </span>
     <span class='ocr_line' id='line_1_32' title="bbox 305 2523 916 2574; baseline -0.002 -10"><span class='ocrx_word' id='word_1_200' title='bbox 305 2525 377 2564; x_wconf 84' lang='lat' dir='ltr'>the</span> <span class='ocrx_word' id='word_1_201' title='bbox 399 2524 539 2564; x_wconf 83' lang='lat' dir='ltr'>latter.</span> <span class='ocrx_word' id='word_1_202' title='bbox 600 2523 694 2574; x_wconf 86' lang='lat' dir='ltr'><em>(Cs.</em></span> <span class='ocrx_word' id='word_1_203' title='bbox 717 2525 805 2564; x_wconf 84' lang='lat' dir='ltr'>xiii.</span> <span class='ocrx_word' id='word_1_204' title='bbox 828 2526 916 2572; x_wconf 80' lang='lat'>79.)</span> 
     </span>
    </p>
   </div>
   <div class='ocr_carea' id='block_1_10' title="bbox 306 2595 395 2635">
    <p class='ocr_par' dir='ltr' id='par_1_11' title="bbox 306 2595 395 2635">
     <span class='ocr_line' id='line_1_33' title="bbox 306 2595 395 2635; baseline 0.011 -1"><span class='ocrx_word' id='word_1_205' title='bbox 306 2595 395 2635; x_wconf 78' lang='lat'>102</span> 
     </span>
    </p>
   </div>
  </div>
 </body>
</html>
