1837 3029
889 175 1139 224 CICERO

269 308 491 372 denique
533 308 602 355 illi
644 308 836 370 palliati
879 309 1147 369 topiariam
1188 305 1356 354 facere
1400 307 1668 354 videantur
1707 312 1762 355 et

269 395 511 443 hederam
537 397 773 443 vendere.
842 394 952 442 Iam
976 393 1274 456 ἀποδυτηρίῳ
1301 393 1426 441 nihil
1449 393 1617 450 alsius,
1639 392 1762 455 nihil

222 490 248 529 6
270 487 560 531 muscosius.
629 483 802 529 Habes
826 481 933 529 fere
957 482 1021 529 de
1043 483 1195 528 rebus
1218 484 1431 528 rusticis.
1500 480 1761 528 Urbanam

271 571 633 634 expolitionem
681 577 832 634 urget
876 569 960 616 ille
1007 569 1214 633 quidem
1262 576 1317 616 et
1364 568 1663 616 Philotimus
1709 574 1763 615 et

272 657 471 704 Cincius
495 673 508 712 ς
553 658 644 704 sed
674 661 829 704 etiam
858 661 965 720 ipse
994 658 1170 704 crebro
1198 659 1439 703 interviso
1461 671 1473 712 3
1495 637 1656 719 'quod
1684 661 1763 702 est

270 744 417 791 facile
440 744 596 792 factu.
666 745 1010 804 Quamobrem
1036 761 1096 791 ea
1120 752 1173 791 te
1198 761 1316 790 cura
1339 743 1611 791 liberatum
1635 741 1760 790 volo.

223 832 369 879 7111.
407 832 487 879 De
530 832 772 880 Cicerone
814 833 950 896 quod
990 849 1073 879 me
1114 848 1315 895 semper
1354 848 1520 895 rogas,
1558 833 1764 895 ignosco

272 919 510 984 equidem
548 921 660 976 tibi,
699 920 790 967 sed
828 927 887 968 tu
925 936 1129 983 quoque
1168 918 1292 966 mihi
1330 918 1479 966 velim
1516 921 1761 983 ignoscas.

273 1007 386 1054 Non
408 1011 541 1054 enim
562 1008 783 1054 concedo
803 1008 914 1064 tibi,
934 1007 1045 1070 plus
1066 1014 1124 1054 ut
1144 1007 1283 1053 illum
1305 1023 1461 1062 ames,
1483 1023 1634 1070 quam
1655 1009 1762 1069 ipse

271 1111 400 1142 amo.
471 1097 643 1158 Atque
671 1098 864 1141 utinam
889 1094 965 1141 his
991 1096 1169 1141 diebus
1195 1098 1246 1140 in
1271 1095 1524 1157 Arpinati,
1549 1094 1685 1159 quod
1710 1099 1764 1139 et

269 1185 377 1246 ipse
395 1186 642 1245 cupierat,
659 1190 712 1229 et
730 1199 825 1245 ego
842 1200 942 1229 non
959 1186 1141 1237 minus,
1158 1199 1357 1228 mecum
1373 1181 1568 1228 fuisset.
1615 1181 1763 1240 Quod

272 1270 335 1316 ad
375 1270 722 1332 Pomponiam,
759 1273 798 1316 si
835 1271 926 1316 tibi
968 1271 1184 1325 videtur,
1221 1270 1407 1316 scribas
1445 1268 1613 1324 velim,
1649 1285 1763 1314 cum

272 1357 438 1420 aliquo
481 1359 747 1413 exibimus,
789 1364 875 1404 eat
915 1358 1193 1412 nobiscum,
1233 1373 1550 1419 puerumque
1593 1356 1761 1403 ducat.

271 1444 527 1491 Clamores
562 1445 792 1501 efficiam,
827 1447 868 1492 si
904 1461 1021 1492 eum
1057 1460 1258 1491 mecum
1293 1443 1518 1491 habuero
1555 1438 1760 1490 otiosus.

273 1532 401 1578 Nam
441 1532 631 1579 Romae
665 1532 946 1595 respirandi
981 1549 1083 1579 non
1119 1539 1199 1579 est
1232 1531 1385 1578 locus.
1456 1531 1516 1578 Id
1551 1547 1633 1577 me
1670 1533 1763 1576 scis

273 1627 426 1665 antea
457 1623 614 1684 gratis
646 1621 740 1667 tibi
773 1636 882 1666 esse
914 1619 1228 1683 pollicitum3
1279 1619 1401 1682 quid
1433 1635 1565 1666 nunc
1596 1625 1764 1681 putas,

223 1716 248 1753 8
273 1714 419 1754 tanta
450 1708 538 1754 abs
569 1714 623 1754 te
654 1706 777 1754 mihi
807 1708 1042 1754 mercede
1073 1708 1372 1770 proposita?
1440 1706 1600 1753 Venio
1631 1721 1763 1752 nunc

272 1795 338 1841 ad
361 1802 475 1841 tuas
498 1794 696 1841 litteras
720 1810 732 1851 ;
774 1811 898 1858 quas
923 1795 1149 1858 pluribus
1175 1793 1403 1858 epistulis
1428 1796 1617 1856 accepi,
1641 1793 1762 1840 dum

272 1898 383 1929 sum
432 1885 484 1928 in
534 1883 785 1945 Arpinati.
854 1882 984 1929 Nam
1034 1881 1156 1929 mihi
1207 1899 1307 1929 uno
1357 1882 1440 1929 die
1490 1888 1594 1928 tres
1644 1886 1763 1927 sunt

273 1969 523 2026 redditae,
561 1977 615 2017 et
652 1970 876 2034 quidem,
914 1977 972 2017 ut
1008 1971 1329 2026 videbantur,
1366 1969 1547 2017 eodem
1584 1969 1673 2015 abs
1709 1974 1762 2014 te

273 2057 427 2104 datae
453 2065 683 2120 tempore
707 2073 719 2114 ;
763 2075 863 2104 una
887 2057 1113 2121 pluribus
1138 2059 1321 2114 verbis,
1344 2059 1397 2104 in
1421 2073 1522 2120 qua
1546 2059 1762 2119 primum

275 2152 403 2200 erat,
426 2146 562 2208 quod
585 2149 838 2209 antiquior
861 2146 967 2192 dies
990 2149 1041 2191 in
1065 2148 1164 2192 tuis
1187 2144 1368 2192 fuisset
1389 2146 1607 2208 ascripta
1626 2143 1763 2190 litte-

274 2235 358 2289 ris,
380 2249 533 2296 quam
554 2235 605 2279 in
628 2233 871 2280 Caesaris.
942 2233 1002 2281 Id
1023 2232 1145 2280 facit
1167 2232 1363 2296 Oppius
1384 2247 1762 2295 nonnumquam

339 2415 359 2435 ⁰
388 2410 467 2450 We
488 2411 643 2450 should
666 2425 759 2463 say,
782 2413 807 2428 ‘⁶
829 2412 958 2462 bring
979 2411 1106 2451 down
1129 2412 1202 2451 the
1223 2410 1404 2458 house‚'’
1425 2411 1485 2462 by
1507 2410 1573 2450 his
1593 2421 1762 2450 success

281 2477 331 2504 as
350 2478 376 2504 a
396 2465 582 2504 tem-her.

343 2518 359 2542 ⁶
394 2519 441 2557 ln
468 2533 577 2570 your
598 2519 819 2571 gratitudo
842 2518 928 2558 and
953 2520 1170 2559 affection.

289 2588 381 2629 554
