1837 3029
846 194 1095 242 CICERO

229 319 443 368 Racilius
475 322 538 369 de
570 326 775 385 privatis
807 340 887 370 me
919 328 1135 386 primum
1166 328 1474 371 sententiam
1506 327 1717 388 rogavit.

231 396 398 444 Multa
442 397 537 444 feei
584 402 736 446 verba
780 401 842 446 de
888 407 998 446 toto
1043 399 1210 447 furore
1254 401 1618 464 latrocinioque
1663 399 1717 446 P.

228 473 404 528 Clodi3
469 492 602 531 eum,
648 484 909 539 tamquam
955 493 1114 533 reum,
1161 481 1404 533 accusavi,
1449 476 1620 523 multis
1666 483 1719 523 et

227 552 457 598 secundis
501 553 1046 600 admurmurationibus
1088 558 1252 600 cuncti
1297 561 1518 601 senatus.
1595 552 1719 600 Ora-

228 630 417 673 tionem
463 646 627 675 mcam
671 630 973 678 collaudavit
1016 634 1137 678 satis
1179 631 1350 678 multis
1395 632 1576 687 verbis,
1618 647 1717 677 non

228 704 514 751 mehercule
558 708 816 763 indiserte,
860 708 1018 754 Vetus
1062 709 1350 765 Antistiu53
1409 711 1552 771 isque
1593 707 1719 754 iudi-

228 785 415 828 ciorum
449 800 650 830 causam
685 788 922 847 suscepit,
957 788 1460 848 antiquissimamque
1493 800 1547 832 se
1579 783 1719 830 habi-

230 866 399 905 turum
451 861 594 907 dixit.
683 862 860 908 Ibatur
911 866 962 908 in
1015 879 1127 909 eam
1180 866 1504 909 sententiam.
1590 861 1719 908 Tum

231 935 430 982 Clodius
452 945 676 999 rogatus,
697 940 830 985 diem
852 940 1065 987 dicendo
1087 943 1309 986 eximere
1329 942 1512 1002 coepit.
1568 938 1720 985 Fure-

230 1013 336 1068 bat,
356 1030 382 1059 a
403 1014 589 1061 Racilio
608 1032 660 1061 se
679 1021 1045 1063 contumaciter
1064 1016 1435 1079 inurbaneque1
1462 1022 1718 1062 vexatum.

232 1089 431 1137 Deinde
455 1096 559 1138 eius
580 1109 763 1155 operae
785 1101 998 1156 repente
1021 1111 1048 1140 a
1071 1094 1388 1140 Graecostasi
1411 1100 1464 1140 et
1483 1093 1720 1157 gradibus

231 1166 500 1214 clamorem
537 1173 657 1216 satis
694 1187 935 1234 magnum
976 1171 1306 1227 sustulerunt,
1340 1174 1532 1234 opinor,
1567 1174 1618 1216 in
1658 1169 1719 1227 Q.

231 1242 497 1291 Sextilium
546 1253 599 1293 et
647 1251 830 1294 amicos
882 1247 1084 1294 Milonis
1126 1252 1383 1295 incitatae.
1463 1248 1538 1294 Eo
1579 1253 1719 1293 metu

232 1324 434 1378 iniecto,
455 1331 667 1385 repente
688 1342 873 1387 magna
900 1329 1211 1387 querimonia
1238 1329 1479 1379 omnium,
1499 1325 1722 1371 discessi-

232 1415 357 1445 mus.
416 1400 587 1446 Habes
611 1409 723 1447 acta
747 1406 891 1447 unius
915 1403 1030 1448 diei.
1087 1402 1317 1465 Reliqua,
1340 1409 1397 1448 ut
1420 1403 1650 1455 arbitror,
1672 1404 1721 1445 in

233 1492 459 1522 mensem
502 1477 790 1524 Ianuarium
831 1482 1116 1526 reicientur.
1191 1479 1270 1525 De
1311 1480 1524 1524 tribunis
1563 1477 1723 1540 plebis

233 1551 383 1616 longe
420 1558 667 1616 optimum
706 1555 950 1602 Racilium
986 1555 1247 1602 habemus.
1318 1555 1532 1602 Videtur
1569 1557 1723 1600 etiam

235 1630 486 1678 Antistius
529 1636 716 1679 amicus
759 1634 900 1679 nobis
941 1632 1064 1680 fore.
1141 1633 1270 1679 Nam
1315 1632 1544 1679 Plancius
1584 1638 1723 1678 totus

236 1714 406 1753 noster
447 1716 538 1755 est.
614 1710 729 1765 Fac,
769 1714 808 1756 si
847 1726 929 1756 me
970 1727 1125 1766 amas,
1165 1718 1222 1757 ut
1261 1709 1576 1756 considerate
1616 1707 1723 1755 dili-

235 1791 518 1848 genterque
544 1790 748 1849 naviges
774 1787 836 1834 de
862 1804 1034 1833 mense
1063 1788 1348 1833 Decembri.

297 1910 312 1935 ¹
347 1911 776 1966 IlIiiIler,s0ll‹›u-iny
801 1915 864 1955 ed.
890 1915 1042 1955 Roma
1076 1915 1330 1966 urbaneque
1364 1913 1548 1965 Tywell,
1573 1913 1599 1929 “
1619 1913 1720 1952 with

238 1966 435 2016 polished
461 1968 714 2008 lnsolence.”

304 2119 321 2136 G
362 2134 366 2137 .
444 2118 462 2136 ν’
576 2129 586 2139 2

300 2165 316 2189 ⁶
350 2115 388 2206 ζ
415 2114 623 2217 trillzli'tli‘iirin
656 2182 758 2208 near
788 2169 859 2208 the
889 2169 1020 2208 Curia
1050 2168 1238 2208 Hostilia
1266 2167 1355 2208 and
1383 2168 1456 2208 the
1489 2166 1723 2207 Comitium

244 2220 383 2260 where
407 2222 567 2268 Greek,
591 2222 678 2261 and
703 2222 958 2262 afterwards
981 2223 1118 2267 other,
1142 2221 1451 2262 ambassadors
1476 2219 1656 2261 listened
1679 2223 1724 2259 to

245 2275 315 2313 the
337 2274 515 2314 delmes-
540 2278 580 2315 in
604 2276 676 2316 tlie
699 2277 873 2322 Senate,
897 2291 921 2316 a
945 2281 1033 2316 sort
1055 2277 1103 2316 os
1122 2277 1146 2292 ‘⁸
1168 2276 1403 2327 strangers·
1426 2274 1640 2327 gallery.‘’

248 2602 343 2643 480
