1837 3029
851 159 1100 206 CICERO

187 297 209 335 7
235 289 527 335 invidiosam
577 292 898 335 atrocitatem
949 289 1215 334 verborum
1264 287 1471 334 habent.
1539 287 1632 343 Ac,
1678 288 1716 333 si

235 359 457 402 omnium
496 373 723 402 mearum
760 355 1043 402 litterarum
1082 361 1355 416 praecepta
1392 360 1612 416 repetes,
1647 356 1719 399 in·

233 422 465 486 telleges,
487 423 608 468 nihil
632 439 740 469 esse
764 439 793 467 a
814 438 915 477 me,
939 425 1030 467 nisi
1053 425 1291 467 orationis
1313 422 1644 467 acerbitatem
1666 427 1719 467 et

234 491 542 536 iracundiam
571 497 641 545 et,
668 493 708 535 si
735 488 885 544 forte,
912 506 1023 535 raro
1048 488 1334 534 litterarum
1359 491 1621 534 missarum
1646 490 1718 532 in—

234 557 549 620 diligentiam
581 555 954 618 reprehensam.
1023 555 1218 613 Quibus
1250 555 1454 618 quidem
1487 559 1539 601 in
1569 555 1718 600 rebus

236 627 275 670 si
301 625 435 685 apud
460 631 512 669 te
537 623 647 685 plus
672 627 944 669 auctoritas
968 639 1100 677 mea,
1125 639 1276 684 quam
1300 629 1389 668 tua
1413 625 1516 668 sive
1539 629 1719 668 natura

236 690 403 752 paullo
433 694 606 745 acrior,
634 693 736 736 sive
765 690 1017 752 quaedam
1045 689 1259 736 dulcedo
1286 689 1591 744 iracundiae,
1616 691 1719 735 sive

236 757 433 803 dicendi
471 757 542 802 sal
577 756 895 819 facetiaeque
931 756 1221 812 valuissent,
1256 755 1378 801 nihil
1412 772 1532 802 sane
1569 763 1720 810 esset,

237 825 372 886 quod
404 841 491 870 nos
522 827 824 886 poeniteret.
894 824 961 870 Et
990 824 1229 870 mediocri
1258 839 1341 869 me
1372 822 1542 869 dolore
1570 829 1720 884 putas

235 891 379 945 affici,
413 908 527 937 cum
562 891 781 946 audiam,
816 907 916 953 qua
950 894 1016 937 sit
1049 893 1424 936 existimatione
1457 888 1721 952 Vergilius,

237 974 338 1020 qua
356 966 472 1004 tuus
492 961 679 1004 vicinus
699 958 752 1004 C.
775 958 1015 1005 Octavius
1037 958 1055 1003 ?
1123 957 1255 1003 Nam
1273 960 1312 1003 si
1330 964 1384 1003 te
1402 958 1720 1003 interioribus

237 1028 406 1071 vicinis
447 1029 565 1080 tuis,
606 1025 856 1072 Ciliciensi
896 1032 950 1072 et
991 1024 1211 1088 Syriaco,
1253 1027 1536 1086 anteponis,
1576 1023 1719 1070 valde

235 1096 405 1156 magni
436 1091 572 1138 facis.
640 1094 813 1155 Atque
843 1095 883 1138 is
913 1091 1053 1139 dolor
1083 1099 1178 1147 est,
1208 1092 1345 1154 quod
1373 1108 1487 1137 cum
1517 1094 1567 1146 ii,
1597 1107 1720 1153 quos

235 1163 505 1214 nominavi,
535 1166 588 1205 te
617 1162 906 1205 innocentia
934 1175 1034 1205 non
1064 1162 1284 1213 vincant,
1313 1161 1520 1204 vincunt
1547 1165 1719 1204 tamen

235 1226 445 1272 artificio
469 1226 854 1273 benevolentiae
878 1225 1208 1288 colligendae,
1233 1228 1319 1288 qui
1343 1241 1509 1288 neque
1534 1224 1720 1288 Cyrum

235 1293 586 1355 Xenophontis
631 1309 797 1356 neque
842 1293 1136 1356 Agesilaum
1180 1296 1446 1346 noverint;
1508 1308 1720 1354 quorum

235 1376 413 1422 regum
456 1377 652 1407 summo
693 1364 744 1406 in
785 1363 996 1422 imperio
1039 1376 1188 1406 nemo
1230 1376 1471 1422 umquam
1512 1360 1718 1405 verbum

235 1427 392 1473 ullum
433 1431 656 1490 asperius
697 1427 904 1474 audivit.
971 1426 1072 1474 Sed
1111 1426 1239 1473 haec
1278 1442 1307 1472 a
1347 1429 1589 1489 principio
1629 1427 1719 1471 tibi

188 1502 213 1540 8
238 1497 566 1556 praecipiens,
600 1502 848 1557 quantum
881 1492 1198 1556 profecerim,
1232 1510 1334 1540 non
1365 1497 1557 1557 ignoro.
1624 1492 1719 1538 ΙΙΙ.

238 1561 383 1607 Nunc
428 1568 604 1608 tamen
647 1562 900 1608 decedens
945 1561 1018 1624 (id
1063 1561 1200 1624 quod
1243 1559 1366 1606 mihi
1410 1563 1511 1606 iam
1555 1558 1721 1605 facere

235 1629 438 1691 videris)
505 1629 752 1691 relinque,
821 1644 1027 1691 quaeso,
1095 1644 1248 1691 quam
1314 1627 1720 1673 iucundissimam

236 1699 531 1741 memoriam
584 1700 675 1742 tui.
743 1695 1089 1742 Successorem
1145 1694 1301 1741 habes
1354 1693 1684 1756 perblandum
1709 1708 1720 1748 ;

236 1770 407 1809 cetera
461 1762 606 1808 valde
659 1762 787 1809 illius
841 1763 1063 1809 adventu
1117 1769 1207 1808 tua
1258 1765 1595 1823 requirentur.
1662 1761 1722 1807 In

236 1829 418 1876 litteris
448 1831 710 1876 mittendis
740 1830 818 1892 (ut
848 1846 1000 1891 saepe
1033 1830 1097 1875 ad
1126 1837 1179 1875 te
1209 1829 1402 1891 scripsi)
1432 1831 1641 1874 nimium
1667 1835 1722 1874 te

237 1896 546 1943 exorabilem
563 1899 856 1959 praebuisti.
907 1896 1046 1943 Tolle
1065 1912 1256 1951 omnes,
1273 1900 1313 1941 si
1329 1903 1494 1958 potes,
1510 1899 1722 1958 iniquas,

300 2025 320 2044 ⁰
355 2019 425 2071 Cf.
451 2020 584 2060 Hom.
616 2021 669 2060 Il.
697 2022 813 2060 xviii.
842 2023 916 2060 109
945 2019 1105 2070 (χόλος)
1129 2022 1222 2058 ὅστε
1243 2022 1346 2058 πολὺ
1368 2022 1543 2069 γλυκίων
1568 2022 1724 2063 μέλιτος

246 2076 609 2168 ἴαταλειζξομένοιο,
629 2075 655 2091 “
675 2074 849 2126 (anger)
872 2074 1011 2114 which
1036 2075 1068 2113 is
1095 2073 1163 2113 far
1183 2077 1361 2113 sweeter
1386 2072 1494 2113 than
1514 2072 1724 2125 dripping

261 2141 404 2167 ionev.

306 2182 321 2205 ὸ
356 2181 572 2232 Vergilius
585 2181 673 2220 and
691 2181 738 2221 C.
755 2182 965 2221 Octavius
981 2195 1090 2220 wore
1102 2193 1354 2230 governors,
1368 2193 1416 2220 as
1432 2184 1724 2232 pmmaetms,

243 2236 295 2275 of
310 2234 446 2286 Sicily
467 2235 554 2274 and
581 2235 843 2275 Macedonia
866 2235 1163 2286 i·es1u·ctively.

305 2293 320 2312 ⁰
350 2289 443 2328 'she
471 2303 688 2340 governor
710 2291 761 2329 of
786 2291 917 2340 Syria
941 2302 1028 2328 was
1059 2303 1156 2328 now
1184 2287 1395 2328 Lentulus
1426 2286 1722 2330 Marcellinus.

245 2342 359 2382 tho
373 2356 460 2382 was
473 2343 545 2383 the
556 2356 773 2395 governor
784 2343 834 2382 of
843 2342 991 2382 Cilicia
1007 2344 1041 2382 is
1055 2347 1130 2382 not
1142 2341 1320 2382 known.

301 2396 319 2419 ‘¹
354 2396 546 2447 Perhaps
568 2396 615 2436 F.
642 2397 804 2435 Fabius
829 2396 1064 2438 Adrianus.
1086 2396 1166 2436 but
1187 2398 1218 2435 it
1241 2397 1275 2434 is
1298 2396 1537 2435 uncertain.

302 2456 315 2473 ²
350 2452 432 2496 Le..
466 2455 489 2465 ¹*
508 2453 843 2502 requisitionary
868 2451 1056 2497 letters‚··
1087 2452 1136 2490 of
1166 2450 1306 2490 which
1338 2463 1400 2489 we
1429 2450 1540 2490 have
1568 2462 1625 2489 an
1653 2463 1724 2490 ex-

244 2503 391 2556 ample
413 2507 455 2545 in
478 2508 497 2550 g
523 2508 585 2545 10.
639 2528 644 2533 ·

249 2577 342 2623 446
