1837 3029
897 193 1147 241 CICERO

275 319 457 375 salute,
486 321 575 368 sed
605 322 667 369 de
699 340 787 369 sua
818 323 1070 386 dignitate
1102 341 1299 370 mecum
1331 340 1439 371 esse
1469 332 1767 381 certamen3

276 403 326 446 in
372 402 563 449 Urbem
607 407 897 450 introisset:
959 405 1022 451 ad
1065 408 1349 452 inimicitias
1391 423 1469 452 res
1512 410 1767 462 venisset3

275 499 389 528 cum
445 484 726 531 Aesernino
780 484 1008 532 Samnite
1064 485 1394 533 Pacideianus
1447 495 1767 550 comparatus

277 563 502 618 viderer3
561 565 834 611 auriculam
882 564 1095 612 fortasse
1149 568 1398 614 mordicus
1458 567 1764 615 abstulisset.

276 643 402 690 Cum
429 644 603 692 Clodio
627 647 832 708 quidem
858 654 996 693 certc
1022 648 1255 694 rediisset
1278 651 1328 693 in
1352 652 1586 711 gratiam.
1656 649 1766 711 Ego

275 740 393 771 vero
414 743 584 772 meum
605 727 865 773 consilium
888 728 947 790 (si
970 732 1269 790 praesertim
1291 736 1347 775 tu
1370 746 1470 775 non
1491 730 1764 792 improbas)

274 805 607 853 vehementer
642 809 881 870 approbo.
953 809 1060 865 Ille,
1096 827 1211 856 cum
1248 826 1277 856 a
1313 827 1394 856 me
1430 809 1765 873 singularibus

274 890 399 933 meis
429 889 608 934 studiis
637 896 844 936 ornatus
876 897 1027 946 esset,
1057 907 1273 953 cumque
1305 907 1401 953 ego
1429 890 1498 936 illi
1528 890 1649 937 nihil
1678 891 1763 938 de-

275 967 468 1023 berem,
496 968 577 1015 ille
608 969 727 1015 mihi
759 973 944 1025 omnia,
972 978 1147 1017 tamen
1176 974 1227 1017 in
1257 971 1515 1033 republica
1542 988 1624 1018 me
1654 989 1682 1018 a
1709 987 1763 1018 se

271 1047 659 1096 dissentientem
679 1068 777 1097 non
794 1050 914 1097 tulit
930 1051 1074 1113 (nihil
1091 1052 1253 1098 dicam
1271 1052 1512 1115 gravius),
1529 1059 1583 1098 et
1599 1055 1762 1098 minus

270 1135 453 1190 potens
495 1146 555 1177 eo
595 1138 845 1193 tempore,
886 1133 1008 1195 quid
1048 1135 1099 1178 in
1141 1149 1221 1178 me
1265 1133 1531 1179 florentem
1572 1139 1761 1195 posset,

269 1211 510 1258 ostendit.
580 1212 743 1268 Nunc,
767 1230 880 1259 cum
908 1230 1002 1273 ego
1028 1230 1090 1260 ne
1116 1230 1286 1259 curem
1313 1215 1518 1276 quidem
1544 1213 1760 1260 multum

269 1306 434 1352 posse,
472 1309 551 1339 res
591 1294 797 1356 quidem
837 1294 1038 1355 publica
1077 1302 1215 1341 certe
1256 1294 1377 1340 nihil
1416 1297 1592 1357 possit,
1632 1311 1759 1341 unus

268 1371 351 1418 ille
385 1376 552 1419 onmia
588 1377 763 1436 possit,
798 1392 913 1421 cum
948 1375 1030 1421 illo
1065 1378 1173 1437 ipso
1207 1376 1612 1422 contenderem?
1680 1375 1759 1422 Sic

269 1456 403 1499 enim
427 1453 716 1501 faciendum
741 1454 935 1502 fuisset.
1006 1455 1118 1502 Non
1150 1459 1384 1502 existimo
1414 1463 1467 1503 te
1497 1463 1678 1518 putare
1708 1456 1759 1504 id

217 1539 243 1579 3
269 1533 387 1580 mihi
418 1536 792 1598 suscipiendum
822 1535 992 1582 fuisse.
1061 1536 1400 1593 Alterutrum,
1428 1540 1594 1600 inquit
1622 1537 1756 1584 idem

265 1614 547 1672 Sallustius,
589 1616 903 1664 defendisses
945 1618 1098 1680 idque
1143 1617 1384 1680 Pompeio
1426 1618 1756 1665 contendenti

264 1695 504 1743 dedisses.
573 1698 778 1744 Etenim
845 1697 1176 1745 vehementer
1241 1700 1434 1745 orabat.
1505 1698 1755 1761 Lepidum

264 1780 480 1824 amicum
513 1778 823 1834 Sallustium,
855 1783 940 1842 qui
973 1779 1093 1826 mihi
1126 1783 1411 1826 inimicitias
1444 1786 1594 1842 putet
1627 1783 1755 1842 peri-

262 1857 455 1905 culosas
505 1860 793 1906 subeundas
841 1859 995 1907 fuisse
1046 1867 1135 1907 aut
1183 1859 1442 1906 infamiam
1491 1863 1755 1923 sempiter—

263 1955 380 1984 nam
404 1939 413 1986 Ξ
483 1940 593 2003 Ego
617 1957 734 1987 vero
756 1940 849 1987 hac
872 1942 1225 1988 mediocritate
1249 1941 1475 1988 delector
1498 1956 1510 1996 ;
1552 1958 1608 1988 ac
1632 1941 1751 1987 mihi

262 2019 384 2066 illud
404 2022 678 2068 iucundum
697 2029 792 2077 est,
809 2022 962 2085 quod,
979 2039 1091 2068 cum
1110 2025 1457 2068 testimonium
1474 2022 1751 2068 secundum

263 2099 414 2147 fidem
446 2109 498 2148 ct
527 2101 821 2166 religionem
853 2106 1145 2165 gravissime
1176 2103 1433 2158 dixissem,
1461 2119 1576 2149 reus
1605 2102 1752 2158 dixit,

324 2327 340 2346 ‘¹
378 2323 663 2363 Pacideianus
684 2324 757 2375 (ιγ’.
784 2324 889 2364 Hor.
917 2324 1006 2364 Sat.
1033 2326 1072 2364 ii.
1099 2328 1135 2364 7.
1159 2328 1231 2373 97)
1256 2338 1342 2363 was
1364 2324 1437 2364 the
1459 2328 1573 2364 most
1596 2323 1748 2364 skilful

263 2375 482 2427 gladiator
514 2378 562 2417 of
590 2378 662 2417 the
695 2380 812 2423 time,
847 2378 926 2418 but
960 2378 1226 2418 Aeserninus
1260 2392 1347 2418 was
1380 2378 1445 2418 his
1477 2380 1673 2430 superior
1704 2379 1748 2418 in

263 2443 453 2482 courage
475 2431 562 2470 and
588 2431 713 2471 brute
736 2432 866 2471 force.

322 2483 339 2508 ⁶
371 2484 396 2500 ‘⁸
411 2484 476 2525 Or
497 2485 582 2525 else
605 2498 691 2537 you
715 2485 870 2524 should
897 2485 1006 2525 have
1029 2485 1285 2537 prosecuted
1310 2485 1400 2525 him
1416 2485 1442 2501 ''
1465 2486 1501 2525 is
1517 2484 1747 2538 obviously

263 2536 545 2579 understood.

264 2606 359 2649 584
