1837 3029
873 176 1122 224 CICERO

209 309 235 351 3
261 321 357 350 nox
386 305 602 352 diremit.
664 304 1009 352 Comitialibus
1036 305 1231 362 diebus,
1258 310 1342 369 qui
1370 306 1646 365 Quirinalia
1670 324 1745 355 se-

261 380 500 433 quuntur,
530 374 723 435 Appius
754 376 1135 434 interpretatur,
1165 390 1264 419 non
1293 375 1521 437 impediri
1551 391 1604 421 se
1633 374 1746 438 lege

261 437 438 500 Pupia,
468 456 566 502 quo
596 443 758 485 minus
787 438 976 486 habeat
1005 447 1256 496 senatum,
1286 448 1339 487 et
1368 441 1503 504 quod
1533 441 1746 488 Gabinia

261 514 491 552 sanctum
517 510 598 561 sit,
625 509 779 552 etiam
804 509 931 569 cogi,
958 523 1019 553 ex
1049 506 1159 553 Kal.
1188 508 1333 554 Febr.
1361 524 1519 570 usque
1544 508 1608 555 ad
1636 508 1745 555 Kal.

264 572 417 619 Mart.
454 573 632 636 legatis
665 580 899 619 senatum
931 574 1156 636 quotidie
1189 574 1325 622 dare.
1394 575 1473 621 Ita
1505 583 1749 637 putantur

261 640 462 686 detrudi
486 643 690 686 comitia
710 643 762 686 in
784 657 1012 687 mensem
1037 641 1299 689 Martium.
1355 640 1455 688 Sed
1479 639 1748 688 tamen-his

261 707 593 753 comitialibus
618 708 805 754 tribuni
827 707 989 770 plebis
1013 708 1076 754 de
1102 707 1316 755 Gabinio
1339 725 1393 755 se
1418 716 1615 755 acturos
1640 725 1747 755 esse

261 774 450 820 dicunt.
508 774 692 821 Omnia
714 773 908 837 colligo,
932 782 989 822 ut
1011 778 1125 821 novi
1147 776 1360 822 scribam
1383 775 1569 838 aliquid
1592 776 1656 822 ad
1678 783 1745 823 te.

210 848 237 887 4
261 839 378 896 Sed,
410 848 467 888 ut
498 842 653 897 vides,
683 857 762 888 res
792 858 874 888 me
905 845 1013 904 ipsa
1043 842 1228 889 deficit.
1295 842 1477 906 Itaque
1509 843 1574 890 ad
1605 842 1747 889 Calli-

261 907 494 954 sthenem
517 916 570 955 et
591 909 655 955 ad
677 907 942 955 Philistum
963 909 1133 965 redeo,
1154 912 1204 955 in
1226 910 1406 971 quibus
1426 916 1480 956 te
1500 910 1647 957 video
1666 926 1748 956 vo-

260 974 495 1022 lutatum.
557 975 889 1023 Callisthenes
914 976 1121 1039 quidem
1148 976 1353 1040 vulgare
1379 983 1435 1024 et
1459 984 1637 1024 notum
1662 992 1747 1023 ne-

260 1046 473 1103 gotium,
512 1044 941 1105 quemadmodum
978 1043 1158 1090 Graeci
1197 1043 1389 1106 aliquot
1424 1043 1577 1091 locuti
1612 1050 1744 1091 sunt.

260 1109 452 1156 Siculus
489 1109 571 1156 ille
608 1110 854 1172 capitalis,
895 1111 1087 1167 creber,
1130 1118 1325 1168 acutus,
1367 1112 1548 1167 brevis,
1583 1126 1746 1174 paene

226 1226 229 1228 ,
261 1177 466 1239 pusillus
504 1177 840 1241 ThucydideS,
877 1178 969 1225 sed
1006 1185 1144 1225 utros
1184 1181 1289 1225 eius
1327 1177 1562 1225 habueris
1598 1177 1746 1225 libros

262 1244 382 1306 (duo
417 1247 552 1291 enim
585 1251 704 1292 sunt
736 1245 981 1308 corpora),
1015 1261 1080 1292 an
1114 1252 1371 1308 utrosque,
1406 1249 1587 1292 nescio.
1659 1245 1746 1290 Me

260 1314 419 1374 magis
443 1312 506 1358 de
532 1312 774 1374 Dionysio
797 1311 1035 1359 delectat.
1094 1311 1209 1374 Ipse
1235 1319 1311 1358 est
1335 1316 1468 1358 enim
1494 1319 1747 1358 veterator

260 1395 490 1440 magnus,
509 1386 561 1425 et
578 1378 925 1440 perfamiliaris
944 1379 1150 1425 Philisto
1170 1379 1454 1442 Dionysius.
1496 1379 1595 1426 Sed
1612 1378 1745 1442 quod

262 1447 480 1500 ascribis,
531 1447 886 1509 aggrederisne
936 1447 999 1492 ad
1048 1445 1344 1492 historiam?
1412 1462 1493 1492 me
1542 1453 1744 1492 auctore

261 1521 422 1574 potes,
479 1513 563 1567 Et,
582 1517 818 1575 quoniam
835 1513 1121 1559 tabellarios
1141 1514 1505 1568 subministras,
1520 1512 1744 1559 hodierni

261 1580 359 1626 diei
392 1596 469 1625 res
511 1588 682 1642 gestas
726 1580 1086 1642 Lupercalibus
1134 1579 1358 1627 habebis.
1441 1579 1657 1627 Oblecta
1692 1587 1744 1625 te

261 1664 375 1694 cum
401 1648 640 1694 Cicerone
666 1655 836 1695 nostro
860 1664 1012 1710 quam
1036 1647 1320 1694 bellissime.

322 1770 340 1790 ⁰
372 1765 457 1806 For
477 1765 563 1805 this
579 1765 668 1806 and
685 1766 759 1806 the
775 1765 996 1807 Gabinian
1020 1765 1104 1805 law
1125 1779 1196 1806 see
1217 1769 1320 1807 note
1339 1780 1361 1806 c
1375 1779 1433 1806 on
1448 1765 1573 1807 Fam.
1591 1766 1618 1805 i.
1641 1768 1681 1806 4.
1707 1768 1744 1805 1.

325 1818 341 1843 ⁶
372 1820 456 1867 i.e.,
490 1819 564 1859 the
594 1819 774 1872 legality
809 1820 858 1860 of
888 1818 1144 1860 Gabinius's
1174 1821 1432 1860 restoration
1465 1819 1515 1860 of
1546 1818 1745 1870 Ptolemy

265 1872 573 1968 Alglelgehative
590 1927 638 1967 of
651 1927 890 1979 Olynthus,
909 1927 1008 1966 who
1024 1931 1157 1968 wrote
1173 1940 1199 1966 a
1216 1927 1384 1978 history
1400 1926 1449 1967 of
1461 1927 1535 1967 the
1552 1926 1745 1966 Phocian

264 1979 383 2029 VVar,
408 1981 497 2021 and
523 1982 597 2022 the
618 1983 881 2033 campaigns
905 1981 954 2021 of
975 1980 1225 2021 Alexander
1248 1981 1323 2021 the
1347 1981 1497 2027 Great,
1523 1981 1668 2021 whom
1692 1979 1746 2019 he

264 2035 582 2106 accompanied
603 2040 648 2076 to
669 2036 790 2076 Asia.
850 2035 919 2087 (θ’.
942 2035 1066 2076 Fam.
1081 2049 1121 2076 v.
1149 2038 1212 2076 12.
1233 2038 1275 2077 2,
1326 2033 1613 2076 Callisthenes
1632 2032 1745 2075 lived

264 2091 707 2194 383—K27Syl'3rdlwisan,
734 2143 842 2182 born
869 2142 1006 2183 about
1031 2145 1113 2182 435
1142 2155 1236 2190 n.c.‚
1262 2155 1289 2182 a
1313 2145 1439 2194 great
1462 2141 1678 2182 favourite
1701 2137 1751 2180 of

267 2195 504 2249 Dionysius
528 2198 599 2237 the
622 2196 752 2238 elder.

269 2589 363 2637 526
