1837 3029
823 210 1074 258 CICERO

205 340 644 388 commendatione
664 339 856 387 faceres
881 344 931 386 in
956 340 1212 387 hominem
1236 346 1439 387 tantum
1459 347 1514 386 et
1531 338 1688 386 talem

204 412 568 466 calamitosum,
583 412 802 473 aliquem
818 409 1031 457 afferant
1044 409 1297 457 cumulum
1313 409 1689 466 meaelitterae,

206 497 306 544 quo
362 481 630 528 studiosius
689 497 822 536 eum,
867 483 1266 543 quibuscumque
1310 481 1459 527 rebus
1515 484 1689 542 possis,

158 555 358 598 2iuves.
428 551 577 610 Quod
618 554 657 596 si
702 551 891 597 Romae
934 550 1128 606 fuisses,
1171 554 1325 597 etiam
1367 550 1583 597 salutem
1626 552 1686 597 Α.

207 622 453 668 Caecinae
489 638 711 668 essemus
746 622 825 684 (ut
860 625 1027 683 opinio
1062 637 1176 666 mea
1209 619 1329 683 fert)
1365 637 1455 683 per
1489 628 1542 668 te
1576 637 1690 667 con-

206 696 381 738 secuti.
453 692 532 738 De
553 708 653 754 qua
674 699 848 738 tamen
870 708 1106 754 magnam
1128 707 1269 753 spem
1291 690 1553 747 habemus,
1573 690 1689 737 freti

208 762 478 808 clementia
508 762 732 825 collegae
768 765 858 809 tui.
929 762 1090 816 Nunc,
1120 777 1234 807 cum
1270 767 1412 807 tuam
1446 765 1690 808 iustitiam

210 841 412 880 secutus
454 837 762 879 tutissimum
809 834 902 879 sibi
949 839 1150 895 portum
1197 835 1502 893 provinciam
1543 835 1690 879 istam

213 920 320 950 esse
349 904 512 959 duxit,
541 908 696 950 etiam
724 911 879 967 atque
909 907 1064 950 etiam
1091 910 1145 949 te
1172 920 1295 966 rogo
1323 910 1478 966 atque
1506 919 1609 958 oro,
1636 908 1693 948 ut

213 991 328 1020 eum
366 982 418 1021 et
453 977 503 1019 in
538 974 758 1036 reliquiis
793 978 978 1021 veteris
1012 977 1370 1036 negotiationis
1404 972 1694 1036 colligendis

212 1049 368 1100 iuves,
391 1051 443 1091 et
464 1048 645 1091 ceteris
666 1044 815 1090 rebus
837 1051 983 1108 tegas
1005 1051 1161 1108 atque
1182 1050 1375 1092 tueare.
1444 1043 1553 1090 Hoc
1574 1041 1694 1090 mihi

210 1118 402 1180 gratius
425 1113 590 1161 facere
613 1113 734 1161 nihil
756 1121 916 1177 potes.

860 1335 1052 1384 LXVII

493 1485 550 1520 Μ.
583 1486 630 1520 Τ.
664 1486 707 1520 C.
742 1485 780 1518 S.
816 1486 864 1518 D.
901 1486 944 1518 P.
980 1486 1204 1518 SERVILIO
1237 1486 1418 1522 PROPR.

722 1604 906 1653 Romae,
934 1617 1065 1646 A.U.C.
1094 1607 1191 1646 708.

167 1731 187 1772 1
277 1724 355 1772 Ex
382 1726 634 1786 provincia
659 1739 774 1768 mea
794 1722 1057 1777 Ciliciensi,
1083 1725 1161 1768 cui
1187 1725 1280 1769 scis
1301 1724 1423 1783 τρεῖς
1445 1721 1699 1784 διοικήσεις

215 1797 462 1842 Asiaticas
485 1794 755 1840 attributas
777 1792 947 1847 fuisse,
969 1791 1103 1837 nullo
1124 1809 1234 1838 sum
1255 1791 1544 1838 familiarius
1565 1807 1699 1847 usus,

215 1882 367 1929 quam
395 1865 653 1919 Androne,
680 1865 969 1909 Artemonis
998 1864 1113 1918 silio,
1143 1863 1455 1917 Laodicensi‚
1481 1878 1698 1924 eumque

215 1936 368 1983 habui
395 1940 447 1982 in
475 1951 535 1981 ea
562 1938 767 1980 civitate
795 1950 909 1979 eum
937 1931 1206 1995 hospitem,
1234 1942 1343 1980 tum
1372 1932 1698 1979 vehementer

216 2009 280 2054 ad
318 2022 463 2052 meae
504 2009 636 2051 vitae
676 2006 923 2049 rationem
964 2010 1017 2049 et
1054 2004 1471 2050 consuetudinem
1509 2019 1698 2049 accom-

214 2078 491 2124 modatum.
561 2074 727 2134 Quem
748 2074 954 2137 quidem
974 2073 1135 2120 multo
1157 2078 1310 2120 etiam
1332 2074 1484 2135 pluris
1505 2081 1698 2135 postea,

215 2165 367 2211 quam
404 2147 613 2201 decessi,
648 2143 816 2192 facere
852 2147 1013 2207 coepi,
1050 2144 1186 2207 quod
1221 2144 1391 2191 multis
1426 2144 1576 2191 rebus
1614 2160 1698 2190 ex·

214 2226 388 2282 pertus
437 2233 548 2264 sum
597 2222 800 2279 gratum
850 2214 1106 2262 hominem
1153 2219 1357 2279 meique
1405 2231 1696 2264 memorem.

277 2403 295 2422 ⁰
325 2397 501 2443 Caesar,
532 2396 630 2436 who
661 2408 749 2435 was
780 2394 1026 2435 Servilius's
1054 2395 1294 2446 colleague,
1325 2393 1432 2435 both
1461 2407 1511 2434 as
1539 2408 1697 2447 augur.

218 2451 306 2492 and
329 2454 372 2491 in
394 2453 447 2491 48
469 2464 516 2490 as
537 2449 703 2490 consul.

278 2505 294 2530 δ
334 2505 423 2545 Vk,
442 2501 967 2556 Synnada‚Ciby1-a.and
984 2503 1266 2554 Apamea‚cs.
1283 2503 1397 2543 iii.8.
1416 2505 1457 2543 5.
1514 2505 1694 2551 διοίκησις

218 2572 306 2600 was
329 2573 384 2598 an
406 2557 745 2598 assize-district.

223 2631 315 2672 154
