1837 3029
869 167 1121 215 menno

855 295 951 342 xx
986 295 1047 357 (1.
1085 295 1134 357 7)

593 438 648 472 Μ.
687 440 876 472 BRUTUS
912 440 949 471 S.
988 440 1033 470 D.
1073 439 1126 470 Μ.
1164 438 1393 471 CICERONl

746 531 795 572 In
819 532 986 578 castris,
1011 545 1142 572 Amne.
1168 535 1242 572 711

202 634 214 672 l
316 626 372 674 L.
415 627 619 675 Bibulus
660 645 812 691 quam
851 644 993 674 carus
1034 628 1154 673 mihi
1199 644 1307 673 esse
1350 626 1556 683 debeat,
1590 643 1740 673 nemo

249 696 425 741 melius
460 695 679 741 iudicare
707 701 879 757 potest
912 711 1065 757 quam
1092 702 1167 750 tu,
1195 697 1333 741 cuius
1361 701 1538 742 tantae
1564 710 1654 756 pro
1685 711 1737 740 re

248 763 447 824 publica
463 765 814 808 contentiones
833 761 1293 824 sollicitudinesque
1313 760 1545 808 fuerunt:
1566 763 1738 823 itaque

248 830 325 875 vel
342 832 494 890 ipsius
512 832 667 876 virtus
685 829 763 875 vel
780 836 951 874 nostra
967 829 1285 875 necessitudo
1303 828 1459 875 debet
1476 828 1738 875 conciliare

247 903 299 942 te
322 897 389 942 illi
414 912 424 951 ;
465 913 563 959 quo
584 899 747 943 minus
769 896 930 942 multa
950 896 1071 942 mihi
1092 895 1355 942 scribenda
1377 912 1486 942 esse
1507 897 1737 951 arbitror,

247 964 476 1010 voluntas
504 967 638 1010 enim
663 971 716 1009 te
742 980 944 1010 movere
971 963 1128 1010 debet
1153 971 1341 1019 nostra,
1367 966 1406 1010 si
1431 963 1581 1010 modo
1606 966 1739 1009 iusta

247 1038 325 1077 est
347 1038 436 1077 aut
457 1048 546 1093 pro
568 1032 724 1077 officio
747 1034 1026 1077 necessario
1049 1033 1330 1093 suscipitur.
1402 1030 1449 1076 Is
1470 1033 1521 1076 in
1544 1030 1737 1077 Pansae

246 1098 409 1144 locum
450 1105 626 1160 petere
667 1100 965 1151 constituit:
1025 1114 1137 1144 eam
1178 1100 1575 1144 nominationem
1616 1114 1646 1143 a
1684 1103 1737 1144 te

246 1168 464 1227 petimus
490 1182 500 1211 :
545 1181 712 1227 neque
739 1167 1064 1211 coniunctiori
1091 1165 1211 1211 dare
1238 1165 1557 1220 beneficium,
1585 1181 1736 1227 quam

246 1249 333 1279 nos
378 1233 472 1279 tibi
516 1249 703 1288 sumus,
748 1249 914 1294 neque
960 1232 1239 1293 digniorem
1284 1235 1542 1279 nominare
1587 1239 1733 1294 potes

194 1307 218 1346 2
246 1317 398 1363 quam
423 1299 673 1346 Bibulum.
736 1299 816 1346 De
839 1299 1064 1345 Domitio
1086 1307 1137 1345 et
1166 1299 1380 1361 Apuleio
1401 1299 1522 1361 quid
1547 1302 1736 1346 attinet

243 1384 326 1414 me
361 1368 596 1422 scribere,
632 1383 748 1413 cum
783 1369 876 1429 ipsi
912 1383 1003 1429 per
1038 1383 1090 1412 se
1127 1367 1220 1413 tibi
1257 1366 1734 1413 commendatissimi

244 1434 381 1481 sint?
450 1434 723 1497 Apuleium
765 1451 882 1480 vero
925 1441 982 1480 tu
1019 1441 1109 1480 tua
1145 1437 1448 1480 auctoritate
1487 1436 1733 1480 sustinere

243 1501 399 1548 debes
424 1517 435 1557 ;
487 1502 576 1548 sed
613 1501 855 1563 Apuleius
898 1503 949 1547 in
991 1518 1082 1547 sua
1124 1501 1341 1563 epistula
1379 1501 1733 1556 celebrabitur,

245 1568 478 1615 Bibulum
497 1569 596 1615 noli
615 1569 877 1615 dimittere
900 1584 926 1614 e
949 1571 1058 1615 sinu
1081 1575 1187 1623 tuo,
1209 1575 1410 1614 tantum
1433 1571 1533 1615 iam
1555 1571 1732 1623 virum,

242 1653 305 1683 ex
343 1643 552 1698 quanto,
590 1635 738 1682 crede
777 1635 915 1689 mihi,
953 1643 1124 1697 potest
1163 1635 1396 1691 evadere,
1433 1637 1519 1699 qui
1557 1638 1733 1683 vestris

241 1720 513 1765 paucorum
537 1703 843 1765 respondeat
867 1703 1112 1749 laudibus.

301 1848 318 1866 ⁰
353 1843 401 1882 L.
435 1841 701 1895 Calpurnius
735 1842 934 1887 Bibulus,
967 1856 1045 1882 son
1078 1843 1129 1883 of
1155 1841 1355 1882 Caesar's
1385 1841 1458 1881 old
1490 1845 1732 1894 opponent,

240 1897 328 1937 and
353 1901 530 1948 stcpson
553 1898 604 1936 of
625 1896 801 1937 Brutus.
865 1897 931 1935 lle
957 1909 1044 1936 was
1066 1910 1123 1936 an
1147 1897 1293 1937 officer
1316 1898 1360 1936 in
1387 1896 1564 1937 Brutus'
1586 1911 1729 1948 army.

303 1951 318 1974 ¹²
352 1951 401 1990 In
428 1951 501 1991 the
525 1950 760 2000 collegium
785 1950 1060 2003 pontificum.

303 2011 317 2029 ‘
349 2006 431 2045 See
456 2005 603 2045 Letter
627 2005 690 2044 lx
715 2008 734 2052 ἓ
756 2008 796 2044 3.

300 2059 318 2084 ⁶
355 2059 417 2099 M.
452 2058 683 2111 Apuleius,
714 2062 921 2111 quaestor
953 2059 996 2099 in
1030 2061 1084 2100 43
1118 2072 1213 2105 13.c.‚
1239 2057 1327 2098 and
1357 2072 1440 2099 one
1473 2059 1523 2099 of
1552 2058 1730 2100 Brutus'

239 2117 531 2165 paymasters.

232 2596 327 2647 692
