1837 3029
203 748 219 786 1

202 1662 225 1699 10

864 192 1115 241 CICERO

389 494 444 525 M.
481 495 525 526 T.
564 497 603 526 c.
642 497 837 526 mim-os.
875 497 912 527 s.
950 496 993 527 P.
1031 497 1078 528 n.
1117 497 1170 528 M.
1208 497 1462 529 MARCELLO
1497 497 1595 529 cos.

536 617 654 658 lntcr
678 618 876 659 Iconium
900 623 941 659 et
964 619 1183 670 Cybistra,
1206 634 1338 660 A.1:.c.
1360 623 1456 661 703.

311 742 382 788 Te
413 749 467 789 et
493 746 700 806 pietatis
729 747 778 789 in
810 752 922 791 tuos
953 752 1004 791 et
1035 748 1186 790 animi
1216 747 1264 790 in
1294 744 1652 807 rempublicam
1682 749 1734 789 et

248 811 504 859 clarissimi
534 820 689 876 atque
720 818 896 876 optimi
927 815 1232 870 consulatus,
1263 815 1316 861 C.
1351 815 1593 862 Marcello
1621 830 1734 860 con-

249 882 355 928 sule
373 881 526 938 facto,
543 883 763 930 fructum
781 888 991 947 cepisse,
1010 885 1340 932 vehementer
1355 886 1570 949 gaudeo.
1623 883 1733 929 Non

250 953 444 1009 dubito,
464 955 584 1016 quid
603 962 897 1017 praesentes
916 959 1141 1002 sentiant
1164 971 1175 1012 ;
1212 973 1301 1004 nos
1320 956 1525 1019 quidem
1543 955 1735 1017 longin-

250 1027 353 1085 qui,
383 1031 436 1070 et
466 1041 495 1070 a
524 1031 576 1071 te
606 1029 713 1088 ipso
743 1029 878 1072 missi
906 1029 957 1072 in
987 1026 1189 1073 ultimas
1218 1034 1418 1091 gentes,
1447 1026 1511 1073 ad
1539 1024 1734 1072 caelum

249 1092 537 1141 mehercule
563 1103 618 1142 te
645 1096 865 1144 tollimus
894 1100 1159 1144 verissimis
1188 1114 1244 1144 ac
1270 1099 1552 1144 iustissimis
1577 1094 1735 1141 laudi-

250 1163 357 1210 bus.
425 1165 554 1211 Nam
591 1183 704 1212 cum
740 1174 794 1213 te
831 1183 860 1213 a
894 1171 1113 1230 pueritia
1148 1175 1237 1215 tua
1274 1171 1418 1215 unice
1454 1165 1734 1218 dilexerim,

249 1240 408 1296 tuque
438 1253 519 1282 me
548 1239 599 1282 in
627 1240 762 1283 omni
790 1254 978 1301 genere
1007 1255 1207 1300 semper
1235 1238 1594 1301 amplissimum
1624 1249 1732 1281 esse

249 1312 303 1351 et
339 1305 551 1352 volueris
587 1314 641 1353 et
674 1308 923 1363 iudicaris,
957 1315 1067 1354 tum
1103 1308 1196 1355 hoc
1231 1309 1309 1355 vel
1343 1316 1433 1355 tuo
1467 1306 1620 1361 fact-o,
1656 1303 1733 1351 vel

250 1376 418 1437 populi
449 1376 661 1423 Romani
689 1378 753 1425 de
781 1385 834 1424 te
863 1379 1062 1433 iudicio,
1090 1379 1250 1425 multo
1279 1382 1438 1425 acrius
1465 1376 1734 1424 vehemen-

250 1448 452 1508 tiusque
488 1447 659 1510 diligo,
694 1451 1017 1510 maximaque
1053 1448 1249 1494 laetitia
1284 1449 1484 1502 afficior,
1519 1463 1632 1493 cum
1671 1444 1734 1491 ab

249 1513 533 1562 hominibus
566 1518 967 1578 prudentissimis
1001 1521 1216 1581 virisque
1250 1521 1471 1580 optimis,
1502 1515 1732 1564 omnibus

249 1585 413 1641 dictis,
449 1585 612 1641 factis,
648 1588 844 1643 studiis,
879 1591 1143 1643 institutiS,
1179 1588 1257 1634 vel
1292 1604 1373 1634 me
1410 1591 1486 1634 tui
1520 1585 1732 1633 similem

251 1672 359 1701 esse
387 1657 536 1702 audio
563 1657 642 1702 vel
667 1664 720 1703 te
747 1661 862 1704 mei.
926 1658 1096 1704 Unum
1124 1675 1241 1704 vero
1268 1662 1306 1704 si
1334 1658 1475 1705 addis
1503 1657 1565 1703 ad
1591 1670 1734 1718 prae-

249 1725 543 1772 clarissimas
575 1744 655 1773 res
687 1727 974 1774 consulatus
1008 1732 1100 1783 tui,
1133 1735 1189 1774 ut
1224 1735 1312 1774 aut
1344 1727 1464 1773 mihi
1497 1725 1733 1773 succedat

250 1813 401 1858 quam
429 1800 645 1858 primum
675 1797 870 1860 aliquis,
899 1806 987 1844 aut
1015 1814 1078 1844 ne
1108 1799 1229 1860 quid
1258 1798 1467 1844 accedat
1492 1798 1733 1858 temporis

251 1867 313 1912 ad
356 1867 424 1921 id,
468 1868 603 1929 quod
646 1874 702 1913 tu
746 1867 866 1912 mihi
911 1875 963 1913 et
1006 1876 1211 1914 senatus
1254 1867 1482 1914 consulto
1526 1873 1579 1912 et
1620 1864 1733 1928 lege

250 1936 420 1989 finisti,
452 1940 617 1982 omnia
649 1953 732 1982 me
765 1953 855 1999 per
886 1944 939 1983 te
972 1945 1297 1984 consecutum
1331 1938 1537 1999 putabo.
1603 1936 1733 1982 Cura

249 2013 307 2052 ut
342 2006 525 2062 valeas,
562 2015 615 2053 et
649 2023 731 2053 me
768 2008 1031 2054 absentem
1068 2008 1245 2071 diligas
1282 2016 1436 2070 atque
1472 2005 1732 2053 defendas.

311 2167 328 2184 ⁰
364 2161 543 2202 Marcus
574 2162 824 2208 Marcellus,
851 2162 1003 2203 consul
1032 2165 1072 2202 in
1101 2166 1148 2202 51
1182 2163 1284 2202 with
1313 2163 1489 2203 Servius
1513 2161 1733 2213 Sulpicius

254 2215 399 2255 Rufus
418 2233 427 2257 :
470 2216 522 2256 lie
545 2230 634 2256 was
656 2218 824 2261 cousin,
850 2221 924 2256 not
947 2216 1139 2259 brother.
1163 2221 1207 2256 to
1231 2217 1279 2257 C.
1310 2216 1559 2263 Marcellus,
1581 2215 1731 2256 consul

253 2270 481 2321 designate
526 2271 594 2309 for
631 2270 703 2310 the
751 2271 1014 2321 succeeding
1062 2285 1164 2321 year
1202 2271 1308 2321 (50).
1369 2271 1452 2310 For
1495 2284 1521 2309 a
1563 2269 1733 2309 further

253 2328 438 2363 account
460 2325 510 2363 of
525 2324 597 2363 the
622 2324 819 2363 Marcelli
840 2339 910 2364 see
933 2324 1104 2364 Indices
1125 2329 1170 2364 to
1191 2323 1312 2364 Vols.
1335 2324 1354 2363 Ι
1378 2324 1466 2364 and
1490 2324 1548 2364 Il.

314 2377 330 2401 ¹²
362 2377 613 2428 According
636 2383 680 2417 to
704 2392 786 2417 one
811 2379 861 2417 of
878 2378 952 2417 the
976 2380 1218 2428 provisions
1242 2379 1292 2417 of
1316 2377 1389 2417 the
1411 2378 1498 2417 Lex
1526 2377 1732 2427 Pompeia

255 2431 305 2470 de
339 2432 582 2470 Provinciis
611 2431 683 2470 the
712 2431 886 2471 consuls
916 2446 1026 2471 were
1055 2431 1328 2483 empowered
1357 2435 1402 2471 to
1425 2431 1556 2482 bring
1584 2431 1731 2470 before

254 2484 326 2523 the
354 2485 508 2535 peoplc
535 2499 558 2524 a
589 2485 654 2524 Iar
681 2486 731 2523 dp
764 2486 946 2536 Imperio
983 2487 1025 2524 in
1061 2486 1132 2525 tlu-
1166 2499 1264 2525 case
1291 2486 1341 2524 of
1369 2485 1476 2525 each
1500 2497 1730 2537 governor,

253 2537 546 2590 detcrinining
567 2538 639 2578 the
663 2538 811 2588 length
836 2540 885 2579 of
903 2539 967 2578 his
989 2543 1140 2579 tenure
1163 2539 1213 2579 of
1229 2539 1366 2586 office,
1387 2543 1469 2580 etc.

257 2606 352 2651 274
