1837 3029
872 161 1123 208 CICERO

249 292 391 346 tiam,
426 289 655 352 perfecta
689 297 860 338 essent
895 298 949 338 et
983 308 1082 337 non
1117 294 1167 337 in
1202 290 1337 338 diem
1373 308 1436 338 ex
1471 291 1552 338 die
1587 291 1744 338 dilata

251 378 356 426 aut,
381 387 480 434 quo
505 387 567 418 ex
592 379 822 434 tempore
848 379 1081 433 suscepta
1106 379 1224 418 sunt
1248 379 1306 418 ut
1329 379 1620 436 agerentur,
1643 389 1742 418 non

250 451 453 498 tardata
491 459 544 498 et
582 456 967 514 procrastinata,
997 452 1185 499 bellum
1223 455 1323 499 iam
1361 452 1553 499 nullum
1589 452 1743 500 habe-

201 538 225 576 2
251 549 431 579 remus.
503 532 704 589 Omnia,
741 534 915 588 Brute,
952 536 1183 596 praestiti
1219 537 1291 580 rei
1327 533 1575 596 publicae,
1612 550 1742 597 quae

250 621 506 674 praestare
535 614 713 661 debuit
741 618 797 669 is,
827 617 911 677 qui
940 621 1075 661 esset
1101 618 1151 660 in
1181 631 1258 670 eo,
1285 617 1337 661 in
1364 631 1465 678 quo
1492 631 1588 678 ego
1615 632 1743 671 sum,

249 694 410 755 gradu
444 702 649 742 senatus
685 695 958 758 populique
994 695 1176 742 iudicio
1211 695 1498 752 collocatus,
1533 712 1626 742 nec
1660 696 1742 742 illa

250 775 416 832 niodo,
440 793 569 839 quae
592 780 826 822 nimirum
849 776 953 823 sola
974 777 1038 824 ab
1059 775 1261 824 homine
1284 783 1402 824 sunt
1422 776 1741 840 postulanda,

253 856 419 913 fidem,
445 857 774 921 vigilantiam,
798 861 994 920 patriae
1019 861 1285 905 caritatem
1310 874 1321 905 ε
1364 875 1425 905 ea
1448 865 1566 905 sunt
1591 861 1741 913 enim,

251 955 380 1001 quae
403 955 552 985 nemo
576 946 653 986 est
676 943 760 1002 qui
783 956 882 985 non
904 946 1163 1002 praestare
1186 939 1375 986 debeat
1399 956 1410 986 ι
1451 956 1545 1003 ego
1569 946 1740 986 autem

251 1022 313 1076 ei,
340 1023 425 1083 qui
451 1024 760 1067 sententiam
786 1021 921 1067 dicat
947 1023 998 1066 in
1023 1021 1328 1083 principibus
1355 1020 1419 1067 de
1444 1037 1499 1067 re
1525 1020 1740 1084 publica,

249 1108 372 1163 puto
410 1105 564 1148 etiam
599 1102 923 1165 prudentiam
959 1118 1067 1148 esse
1102 1101 1480 1164 praestandam,
1513 1118 1607 1149 nec
1641 1118 1741 1157 me,

248 1199 362 1229 cum
407 1182 528 1229 mihi
572 1190 776 1230 tantum
821 1186 1136 1245 sumpserim,
1182 1190 1240 1230 ut
1284 1183 1625 1247 gubernacula
1669 1187 1741 1230 rei

250 1264 479 1325 publicae
525 1264 845 1327 prenderem,
892 1267 1054 1311 minus
1101 1268 1322 1327 putarim
1368 1264 1741 1328 reprehenden-

249 1345 387 1401 dum,
423 1349 463 1392 si
498 1346 743 1392 inutiliter
779 1345 967 1408 aliquid
1002 1349 1201 1393 senatui
1237 1349 1478 1393 suaserim
1514 1363 1666 1409 quam
1701 1349 1740 1393 si

200 1433 224 1472 3
249 1426 534 1473 infideliter.
619 1429 750 1474 Acta
793 1443 924 1490 quae
966 1430 1067 1473 sint
1105 1443 1339 1490 quaeque
1383 1435 1600 1491 agantur
1641 1431 1740 1474 scio

250 1509 485 1570 perscribi
523 1508 586 1555 ad
621 1515 674 1555 te
711 1508 996 1572 diligenter.
1065 1508 1144 1555 Ex
1179 1525 1261 1555 me
1298 1515 1471 1555 autem
1506 1508 1627 1555 illud
1664 1516 1741 1556 est

251 1589 384 1653 quod
414 1597 466 1636 te
498 1589 646 1636 velim
675 1589 863 1636 habere
895 1593 1171 1653 cognitum,
1202 1606 1373 1636 meum
1403 1590 1609 1653 quidem
1639 1593 1741 1637 ani-

249 1688 386 1717 mum
416 1674 467 1718 in
500 1675 606 1718 acie
641 1688 749 1718 esse
781 1688 946 1734 neque
980 1678 1269 1734 respectum
1299 1670 1456 1718 ullum
1479 1688 1740 1735 quaerere,

250 1755 340 1798 nisi
377 1768 457 1798 me
494 1752 685 1798 utilitas
721 1755 937 1798 civitatis
973 1751 1104 1798 forte
1140 1755 1462 1799 converterit.
1534 1752 1740 1799 Maioris

247 1841 422 1879 autem
442 1837 598 1896 partis
620 1836 771 1880 animi
795 1840 848 1880 te
874 1833 1202 1896 Cassiumque
1227 1836 1516 1896 respiciunt.
1575 1833 1740 1892 Quam

249 1915 313 1961 ob
345 1930 451 1961 rem
483 1918 556 1961 ita
586 1921 640 1962 te
673 1930 811 1977 para,
844 1914 1017 1970 Brute,
1051 1921 1108 1961 ut
1140 1914 1406 1978 intellegas
1439 1921 1545 1971 aut,
1576 1918 1616 1962 si
1647 1913 1741 1961 hoc

250 2003 478 2058 tempore
505 1997 635 2042 bene
663 2013 740 2042 res
766 2003 911 2059 gesta
939 2000 1019 2049 sit,
1048 1997 1137 2042 tibi
1166 1995 1422 2042 meliorem
1448 2011 1556 2042 rem
1581 1996 1741 2058 publi-

249 2094 359 2123 cam
389 2093 497 2123 esse
525 2075 810 2124 faciendam
839 2084 944 2131 aut,
973 2080 1012 2123 si
1041 2077 1159 2140 quid
1189 2075 1434 2124 offensum
1461 2079 1543 2132 sit,
1570 2093 1661 2139 per
1688 2084 1741 2125 te

248 2174 357 2204 esse
383 2157 615 2204 eamdem
639 2157 1052 2220 recuperandam.

247 2584 341 2626 624,
