1837 3029
817 162 1069 210 CICERO

201 290 418 338 salutem
455 290 721 354 plurimam
759 291 896 338 dicit.
964 291 1134 338 Etiam
1173 296 1329 355 atque
1366 293 1522 338 etiarn
1560 288 1684 338 vale.

205 359 270 405 D.
296 375 371 405 111.
399 359 518 405 Idus
544 359 654 406 Iun.

884 568 1011 616 VIII

562 718 618 751 Μ.
652 718 698 750 T.
735 719 776 750 C.
812 719 850 750 s.
887 718 932 751 Ρ.
969 719 1016 750 D.
1051 717 1334 749 TERENTIAE

705 831 927 880 Brundisi,
948 846 1080 874 A.u.c.
1102 835 1199 874 707.

268 950 319 997 Si
342 949 495 1005 vales,
515 950 648 996 bene
672 956 750 996 est
773 965 784 1005 ;
825 965 921 1012 ego
943 949 1101 996 valeo.
1171 948 1528 996 Valetudinem
1547 955 1692 996 tuam

206 1018 355 1065 velim
391 1034 533 1064 cures
569 1016 969 1080 diligentissime.
1037 1016 1167 1062 Nam
1202 1015 1325 1062 mihi
1361 1023 1415 1063 et
1448 1019 1692 1078 scriptum

207 1092 261 1131 et
278 1088 569 1131 nuntiatum
591 1091 687 1139 est,
705 1091 758 1130 te
776 1087 827 1130 in
845 1082 1028 1130 febrim
1047 1084 1215 1130 subito
1234 1083 1478 1130 incidisse.
1542 1082 1692 1141 Quod

204 1152 439 1199 celeriter
479 1167 561 1198 me
602 1150 768 1198 fecisti
810 1151 873 1197 de
916 1150 1144 1197 Caesaris
1183 1150 1367 1197 litteris
1406 1153 1691 1203 certiorem,

206 1218 372 1265 fecisti
392 1217 513 1264 mihi
534 1225 753 1281 gratum.
822 1218 955 1264 Item
977 1216 1206 1280 posthac,
1227 1221 1265 1263 si
1289 1217 1410 1280 quid
1431 1233 1556 1279 opus
1578 1220 1692 1270 erit,

205 1289 246 1332 si
290 1286 412 1348 quid
454 1285 694 1332 acciderit
735 1288 868 1341 novi,
908 1283 1062 1331 facies
1107 1292 1164 1331 ut
1205 1288 1375 1331 sciam.
1443 1284 1593 1340 Cura,
1636 1290 1693 1329 ut

209 1352 391 1399 valeas.
459 1352 598 1398 Vale.
668 1352 732 1398 D.
761 1368 824 1398 lv.
854 1351 1022 1398 Nonas
1048 1352 1158 1398 Iun.

915 1562 989 1609 IX

565 1707 624 1742 Μ.
658 1706 704 1740 Τ.
740 1707 781 1740 C.
817 1707 856 1740 S.
892 1707 937 1740 P.
974 1707 1021 1739 D.
1056 1706 1340 1739 TERENTIAE:

707 1819 928 1868 Brundisi,
951 1834 1082 1862 mmo.
1105 1822 1202 1863 706.

272 1938 355 1987 Ad
369 1945 566 1986 ceteras
580 1953 720 1984 meas
735 1940 960 1983 miserias
975 1940 1185 1983 accessit
1200 1935 1340 1983 dolor
1355 1952 1382 1983 e
1399 1934 1696 1983 Dolabellae

210 2006 502 2054 valetudine
540 2013 593 2052 et
628 2005 837 2052 Tulliae.
905 2004 1125 2052 Omnino
1161 2004 1225 2050 de
1262 2005 1493 2050 omnibus
1529 2004 1696 2058 rebuS,

210 2090 304 2120 nec
335 2074 456 2137 quid
486 2072 658 2119 consili
688 2075 902 2134 capiam,
932 2087 1026 2118 nec
1056 2071 1178 2134 quid
1207 2070 1408 2127 faciam,
1438 2073 1554 2117 scio.
1619 2069 1696 2116 Tu

210 2141 360 2187 velim
385 2149 527 2188 tuam
554 2147 607 2186 et
631 2139 824 2186 Tulliae
851 2138 1194 2186 valetudinem
1219 2154 1377 2185 cures.
1445 2137 1586 2184 Vale.

241 2307 284 2395 f⁰
317 2301 434 2342 Born
468 2303 513 2342 in
548 2303 617 2349 65,
648 2300 838 2340 Cicero's
869 2312 962 2347 son,
998 2299 1191 2347 Marcus,
1223 2312 1310 2340 was
1346 2311 1443 2340 now
1482 2301 1532 2339 16
1570 2310 1697 2350 years

211 2369 237 2395 o
276 2370 373 2407 age.

219 2583 315 2632 206
