1837 3029
885 173 1135 219 CICERO

267 303 474 365 placuit,
509 310 779 366 propterea
816 302 951 364 quod
987 319 1234 347 summam
1273 302 1577 363 dignitatem
1618 309 1754 366 pavi-

269 401 498 440 mentata
524 396 744 456 porticus
779 391 1020 447 habebat,
1055 392 1189 454 quod
1226 391 1344 437 mihi
1381 410 1511 439 nunc
1535 394 1754 459 denique

268 488 520 547 apparuit,
545 491 878 546 posteaquam
905 490 957 529 ct
982 486 1088 545 ipsa
1113 489 1223 529 tota
1247 490 1393 545 patet
1418 491 1471 530 et
1493 484 1754 534 columnae

267 574 455 637 politae
477 581 609 620 sunt.
678 574 862 619 Totum
885 576 934 618 in
956 590 1015 619 co
1037 580 1115 619 est
1135 574 1292 635 (quod
1313 573 1432 619 mihi
1454 577 1549 621 erit
1567 579 1756 640 curae),

268 668 537 712 tectorium
574 672 631 711 ut
664 667 962 710 concinnum
997 666 1077 709 sit.
1147 663 1446 711 Pavimenta
1478 673 1616 713 recte
1650 667 1753 715 fieri

269 756 586 802 videbantur.
656 756 893 800 Camcras
914 754 1157 817 quasdam
1185 772 1283 800 non
1310 756 1534 816 probavi,
1552 761 1757 804 mutari-

218 855 243 893 2
269 863 367 909 que
395 849 528 892 iussi.
599 846 712 904 Quo
740 845 847 891 loco
875 848 926 891 in
954 848 1149 907 porticu
1187 852 1239 891 te
1276 847 1493 892 scribere
1530 850 1673 894 aiunt
1701 856 1757 896 ut

268 936 502 984 atriolum
537 937 642 992 fiat,
675 936 815 992 mihi,
848 943 905 982 ut
938 943 1034 992 cst,
1065 939 1227 999 magis
1259 935 1510 998 placebat.
1579 939 1756 1002 Neque

270 1032 404 1075 enim
441 1031 562 1074 satis
600 1028 691 1074 loci
729 1044 838 1074 esse
877 1028 1144 1074 videbatur
1181 1027 1394 1083 atri0103
1449 1046 1615 1092 neque
1651 1029 1756 1078 scre

268 1120 396 1167 solet
427 1123 518 1165 nisi
548 1123 598 1165 in
628 1119 703 1165 his
741 1118 978 1165 aedificiis
1017 1119 1140 1173 fieri,
1170 1121 1218 1164 in
1250 1120 1430 1181 quibus
1468 1127 1546 1167 est
1574 1125 1757 1168 atrium

270 1214 429 1258 maius
449 1226 460 1266 3
498 1228 590 1257 nec
616 1209 804 1257 habere
830 1217 1034 1272 poterat
1054 1210 1292 1256 adiuncta
1311 1211 1541 1257 cubicula
1560 1219 1613 1259 et
1632 1217 1758 1260 cius-

269 1303 404 1349 modi
438 1303 680 1348 membra.
752 1301 896 1348 Nunc
930 1300 1023 1347 hoc
1057 1300 1135 1347 vel
1169 1300 1438 1348 honestate
1471 1304 1759 1361 testudinis,

270 1393 415 1440 valde
446 1394 635 1439 bonum
668 1395 915 1439 aestivum
948 1391 1111 1438 locum
1143 1393 1411 1439 obtinebit.
1479 1393 1555 1440 Tu
1585 1402 1757 1442 tamen

269 1488 308 1531 si
331 1484 478 1531 aliter
499 1487 674 1538 sentis,
695 1484 913 1530 rescribe
936 1500 1087 1546 quam
1110 1486 1343 1545 primum.
1414 1484 1472 1530 Iu
1494 1485 1759 1534 balneariis

268 1593 378 1623 assa
394 1578 444 1621 in
462 1575 677 1622 alterum
695 1575 960 1638 apodyteri
978 1573 1217 1637 angulum
1233 1578 1476 1637 promovi,
1490 1583 1760 1640 propterea

269 1667 404 1731 quod
432 1670 504 1713 ita
533 1674 678 1713 crant
705 1669 889 1729 posita,
918 1673 975 1712 ut
1004 1683 1176 1712 corum
1206 1670 1540 1729 vaporarium,
1569 1684 1631 1714 ex
1659 1686 1759 1732 quo

267 1762 396 1822 ignis
419 1762 656 1820 erumpit,
678 1765 813 1804 esset
833 1758 1118 1804 subiectum
1139 1756 1393 1803 cubiculis.
1461 1758 1759 1822 Subgrande

267 1849 553 1897 cubiculum
585 1856 756 1896 autem
789 1855 843 1895 et
871 1847 1138 1895 hibernum
1170 1848 1328 1894 altum
1361 1848 1505 1896 valde
1534 1851 1758 1913 probavi,

269 1941 405 2004 quod
431 1948 484 1987 et
510 1940 677 2002 ampla
704 1947 850 1986 erant
876 1947 928 1986 et
954 1939 1061 1986 loco
1087 1943 1251 2002 posita
1278 1939 1632 1988 ambulationis
1660 1959 1758 1990 uno

270 2032 447 2088 latere,
471 2049 548 2087 eo,
572 2032 706 2094 quod
731 2038 809 2077 est
831 2035 1113 2093 proximum
1139 2030 1421 2077 balneariis.
1489 2031 1757 2081 Columnas

270 2141 435 2186 ncquc
472 2130 654 2178 rectas,
692 2140 857 2185 neque.
896 2139 922 2168 e
961 2125 1166 2184 regione
1206 2121 1438 2185 Diphilus
1473 2122 1754 2172 collocarat.

270 2215 368 2261 Eas
396 2214 585 2260 scilicet
613 2213 930 2260 demolietur.
1002 2213 1288 2275 Aliquando
1317 2215 1675 2275 pcrpcndiculo
1704 2223 1757 2262 et

268 2305 400 2351 linea
420 2305 581 2351 discet
602 2308 690 2350 uti.
760 2306 980 2350 Omnino
999 2321 1146 2366 spero
1166 2307 1336 2366 paucis
1356 2306 1612 2351 mensibus
1632 2323 1756 2368 opus

270 2395 460 2458 Diphili
497 2395 779 2458 perfectum
817 2394 940 2441 fore.
1009 2395 1165 2441 Curat
1203 2398 1334 2440 enim
1372 2394 1756 2458 diligentissime

218 2495 244 2535 3
270 2488 494 2543 Caesius,
522 2490 606 2550 qui
636 2494 744 2533 tum
775 2503 970 2532 mecum
1002 2485 1112 2532 fuit.
1184 2486 1251 2531 11.
1289 2486 1365 2531 Ex
1396 2502 1455 2532 eo
1484 2485 1590 2533 loco
1617 2494 1757 2534 recta

275 2570 365 2612 5428
