1837 3029
869 162 1120 211 CICERO

252 296 386 341 enim
417 293 556 340 illum
588 293 790 356 amavi),
821 291 914 339 hoc
947 291 1094 338 velim
1125 308 1302 339 cures:
1349 295 1390 340 si
1422 295 1589 340 auctio
1618 298 1739 339 ante

251 380 422 410 meum
450 364 725 410 adventum
755 362 861 418 fiet,
889 369 947 408 ut
975 361 1279 424 Pomponius
1308 369 1414 418 aut,
1441 365 1481 409 si
1507 365 1548 409 is
1574 365 1739 409 minus

251 437 458 495 poterit,
481 433 718 479 Camillus
740 439 966 479 nostrum
989 436 1251 495 negotium
1274 438 1433 479 curet.
1501 432 1603 478 Nos
1624 449 1738 478 cum

252 503 373 549 salvi
399 507 700 558 venerimus,
725 502 919 566 reliqua
941 519 1034 565 per
1058 519 1146 548 nos
1172 519 1380 566 agemus
1403 518 1415 557 ;
1457 505 1532 548 sin
1557 509 1614 548 tu
1638 505 1737 548 iam

251 573 411 619 Roma
444 572 673 635 profecta
707 575 820 628 eris,
853 580 1027 619 tamen
1061 573 1275 628 curabis,
1309 579 1366 619 ut
1399 571 1493 618 hoc
1524 576 1597 618 ita
1632 572 1736 618 fiat.

251 642 354 690 Nos
394 646 434 689 si
476 643 526 689 di
567 644 897 698 adiuvabunt,
937 646 1135 689 circiter
1175 643 1296 689 Idus
1335 641 1663 688 Novembres:
1686 645 1737 688 in

252 711 401 758 Italia
419 729 679 774 speramus
699 712 822 759 fore.
878 713 994 769 Vos,
1009 729 1125 759 mea
1143 715 1436 758 suavissima
1455 719 1509 758 et
1527 715 1737 774 optatis-

249 785 377 827 sima
410 782 650 828 Terentia
686 789 739 829 et
773 782 1002 838 Tulliola,
1037 786 1076 829 si
1112 798 1201 828 nos
1237 785 1437 837 amatis,
1470 788 1645 828 curate
1679 787 1738 827 ut

250 849 475 900 valeatis.
544 851 779 908 Athenis,
805 870 848 899 a.
874 853 923 900 d.
949 868 1026 899 xv.
1056 852 1312 899 Kalendas
1337 851 1607 897 Novembr.

956 1124 1027 1173 VI

437 1269 495 1304 u.
529 1270 575 1303 T.
611 1271 652 1302 C.
687 1271 725 1303 S.
763 1271 807 1303 P.
844 1271 892 1302 D.
928 1270 1211 1302 TERENTIAE
1245 1270 1307 1301 ET
1338 1268 1547 1301 TULLIAE

742 1384 975 1436 Dyrrachi,
997 1398 1129 1425 ΛΑΜ).
1152 1386 1248 1425 706.

315 1499 422 1547 Nec
441 1517 594 1564 saepe
615 1508 710 1556 est,
729 1505 809 1547 cui
827 1500 1024 1547 litteras
1043 1501 1240 1557 demus,
1257 1517 1350 1547 nec
1367 1516 1475 1547 rem
1491 1498 1739 1546 habemus

250 1570 420 1627 ullam,
446 1588 598 1634 quam
623 1572 841 1618 scribere
867 1571 1092 1618 velimus,
1160 1571 1238 1617 Ex
1264 1573 1365 1617 tuis
1388 1570 1589 1625 litteris,
1613 1583 1737 1631 quas

248 1645 476 1703 proxime
523 1645 713 1705 accepi,
758 1645 970 1704 cognovi
1015 1641 1280 1703 praedium
1327 1639 1519 1688 nullum
1566 1641 1738 1686 venire

247 1715 490 1773 potuisse.
556 1712 727 1770 Quare
767 1712 983 1759 videatis
1023 1710 1192 1767 velim,
1231 1711 1485 1774 quomodo
1522 1708 1739 1756 satisfiat

250 1785 315 1837 ei,
352 1785 432 1828 cui
468 1785 606 1828 scitis
643 1798 727 1828 me
764 1782 998 1829 satisfieri
1036 1781 1180 1828 velle.
1248 1782 1398 1840 Quod
1435 1787 1609 1827 nostra
1643 1779 1738 1826 tibi

249 1856 440 1914 gratias
471 1856 595 1916 agit,
624 1852 675 1899 id
705 1869 801 1916 ego
831 1869 931 1899 non
960 1855 1112 1899 miror
1140 1859 1195 1898 te
1224 1855 1425 1907 mereri,
1455 1859 1514 1898 ut
1548 1867 1610 1898 ea
1643 1850 1736 1897 tibi

248 1926 432 1969 merito
459 1930 549 1970 tuo
577 1926 768 1986 gratias
797 1938 951 1985 agere
978 1925 1153 1984 possit.
1221 1921 1477 1978 Pollicem,
1504 1925 1543 1968 si
1573 1920 1738 1968 adhuc

250 2010 349 2039 non
370 2001 448 2039 est
465 1992 742 2055 profectus,
758 2009 911 2055 quam
930 1996 1145 2054 primum
1165 1991 1245 2039 fac
1264 1993 1522 2039 extrudas.
1587 1992 1737 2046 Cura,

251 2070 309 2110 ut
333 2063 515 2110 valeas.
584 2064 757 2110 Idibus
781 2063 994 2122 Quintil.

312 2229 330 2247 ‘¹
362 2223 551 2264 Cicero's
573 2223 735 2283 lawyer
755 2223 914 2270 friend,
937 2224 1006 2263 for
1028 2224 1172 2263 whom
1197 2223 1250 2263 he
1274 2222 1360 2263 had
1383 2237 1410 2262 a
1434 2223 1539 2275 high
1565 2221 1735 2275 regard.

259 2276 331 2355 ng
356 2277 1027 2373 {aggestirfiobgssbicgpomponius
1051 2280 1085 2318 is
1105 2277 1154 2318 Τ.
1182 2278 1451 2330 Pomponius
1473 2278 1661 2318 Atticus.

261 2577 356 2618 202
