1837 3029
865 176 1114 224 CICERO

250 316 388 365 tuae,
423 309 746 364 desiderium,
781 324 994 362 maeror,
1029 306 1261 353 solitudo.
1329 305 1439 369 Ego
1474 312 1528 352 te
1564 305 1734 351 videre

250 402 534 450 noluerim?
603 402 764 448 Immo
798 417 914 447 vero
948 416 1029 446 me
1065 417 1093 445 a
1127 407 1179 446 te
1214 400 1370 446 videri
1403 398 1553 446 nolui.
1621 398 1734 445 Non

253 501 386 544 enim
426 497 631 544 vidisses
671 495 879 542 fratrem
919 502 1099 550 tuum3
1157 510 1255 540 non
1296 509 1430 549 eum,
1469 509 1622 556 quem
1658 508 1735 539 re·

250 591 500 654 liqueras;
554 607 653 637 non
689 606 823 645 eum,
859 605 1010 652 quem
1047 604 1226 643 noras3
1279 605 1379 634 non
1415 603 1548 642 eum,
1583 603 1734 650 quem

253 685 375 731 flens
409 685 635 740 flentem,
669 690 1059 747 prosequentem
1095 682 1409 745 proficiscens
1443 681 1735 736 dimiseras;

252 796 314 826 ne
335 782 601 842 vestigium
621 778 825 841 quidem
846 781 970 832 eius,
989 793 1081 823 nec
1099 775 1436 831 simulacrum,
1454 775 1543 822 sed
1562 791 1735 838 quam-

251 874 367 920 dam
407 873 625 937 effigiem
665 875 898 935 spirantis
938 874 1137 918 mortui.
1206 872 1379 933 Atque
1419 873 1613 916 utinam
1652 885 1735 916 me

252 976 506 1016 mortuum
532 971 667 1031 prius
693 968 898 1014 vidisses
924 973 1013 1013 aut
1038 966 1260 1012 audisses
1284 966 1293 1011 l
1339 968 1532 1011 utinam
1557 971 1611 1011 te
1636 981 1736 1011 non

252 1062 409 1109 solum
440 1067 591 1118 vitae,
620 1062 710 1109 sed
746 1065 901 1108 etiam
938 1061 1201 1124 dignitatis
1237 1075 1384 1106 meae
1411 1062 1735 1122 superstitem

204 1164 227 1202 2
252 1157 594 1220 reliquissem!
663 1155 762 1202 Sed
800 1162 960 1202 testor
997 1170 1170 1200 omnes
1210 1153 1348 1208 deos,
1386 1169 1467 1199 me
1505 1151 1599 1199 hac
1637 1169 1737 1199 una

254 1268 372 1298 voce
409 1268 438 1298 a
472 1259 635 1297 morte
672 1267 780 1297 esse
816 1257 1123 1304 revocatum,
1159 1249 1293 1311 quod
1329 1265 1502 1294 omnes
1537 1251 1588 1293 in
1623 1263 1737 1294 mea

255 1349 356 1392 vita
384 1353 581 1408 partem
611 1344 829 1408 aliquam
857 1351 977 1390 tuae
1007 1346 1140 1389 vitae
1168 1345 1440 1405 repositam
1470 1358 1577 1388 esse
1607 1342 1738 1388 dice-

253 1441 393 1487 bant.
462 1439 632 1498 Quare
683 1441 884 1501 peccavi
937 1437 1284 1499 scelerateque
1336 1435 1447 1482 feci.
1517 1435 1646 1482 Nam
1698 1438 1736 1481 si

252 1535 561 1589 occidissem,
599 1550 731 1580 mors
770 1536 878 1595 ipsa
917 1548 1084 1578 meam
1123 1534 1371 1593 pietatem
1413 1545 1736 1592 amoremque

254 1632 304 1676 in
336 1636 388 1675 te
419 1627 565 1675 facile
596 1626 912 1675 defenderet.
982 1625 1126 1672 Nunc
1157 1628 1398 1680 commisi,
1429 1631 1486 1671 ut
1517 1627 1626 1671 vivo
1655 1639 1736 1669 me

254 1740 467 1779 careres,
494 1726 604 1769 vivo
632 1738 714 1768 me
749 1721 854 1767 aliis
886 1721 1139 1783 indigeres
1163 1735 1175 1775 ;
1219 1736 1334 1766 mea
1366 1736 1461 1765 vox
1490 1723 1541 1765 in
1569 1719 1739 1765 dome-

255 1822 389 1864 sticis
414 1816 644 1880 periculis
669 1819 983 1878 potissimum
1006 1815 1274 1870 occideret,
1297 1830 1426 1877 quae
1449 1829 1600 1876 saepe
1623 1812 1728 1858 alie·

257 1916 467 1959 nissimis
487 1911 734 1974 praesidio
754 1909 946 1957 fuisset.
1014 1909 1143 1955 Nam
1163 1909 1297 1972 quod
1318 1909 1381 1955 ad
1400 1916 1453 1955 te
1473 1911 1615 1971 pueri
1634 1911 1740 1953 siue

255 2007 436 2053 litteris
469 2013 733 2062 venerunt,
770 2008 1006 2068 quoniam
1040 2004 1177 2050 vides
1216 2021 1315 2049 non
1357 2003 1509 2049 fuisse
1549 2006 1740 2048 iracun-

256 2102 390 2148 diam
414 2117 634 2156 causam‚
658 2107 796 2146 certe
821 2102 1024 2162 pigritia
1049 2097 1162 2153 fuit,
1188 2105 1241 2144 et
1266 2098 1516 2161 quaedam
1545 2096 1741 2144 infinita

208 2206 232 2243 3
259 2200 327 2243 vis
352 2196 666 2242 lacrimarum
695 2202 748 2241 et
773 2194 1015 2241 dolorum.
1085 2193 1226 2239 Haec
1251 2196 1358 2255 ipsa
1384 2208 1465 2238 me
1492 2208 1592 2255 quo
1617 2191 1741 2237 fletu

257 2297 406 2353 putas
437 2289 728 2352 scripsisse?
797 2288 1008 2343 Eodem,
1040 2304 1139 2350 quo
1171 2294 1223 2333 te
1255 2285 1425 2350 legere
1455 2292 1594 2333 certo
1625 2288 1740 2332 scio.

259 2386 340 2432 An
377 2401 472 2447 ego
507 2399 709 2445 possum
747 2389 836 2428 aut
872 2399 971 2427 non
1006 2385 1229 2444 cogitare
1267 2379 1535 2443 aliquando
1571 2379 1634 2426 de
1670 2386 1742 2434 te,

259 2485 347 2525 aut
381 2493 618 2540 umquam
650 2479 756 2522 sine
788 2475 1001 2521 lacrimis
1032 2475 1296 2537 cogitare?
1365 2474 1490 2520 Cum
1524 2476 1656 2520 enim
1689 2480 1743 2520 te

267 2575 362 2623 460
