1837 3029
830 145 1081 194 CICERO

916 293 997 341 III

373 425 576 458 TULLIUS
609 427 649 458 S.
686 427 733 458 D.
768 427 1052 458 TERENTIAE
1085 429 1147 459 ET
1179 429 1448 461 TULLIOLAE
1480 428 1544 462 ΕΤ

707 495 939 526 CICERONI
973 495 1077 526 SUIS

704 596 936 648 Dyrrachi,
958 611 1090 639 A.u.c.
1113 600 1210 640 696.

167 707 186 746 l
276 702 465 764 Accepi
511 702 576 749 ab
617 703 918 750 Aristocrito
968 710 1073 751 tres
1124 704 1384 766 epistulas,
1429 720 1555 768 quas
1603 720 1701 769 ego

213 767 426 815 lacrimis
451 785 609 832 prope
635 769 815 817 delevi.
883 770 1129 817 Conficior
1155 775 1289 818 enim
1314 787 1561 828 maerore,
1584 787 1700 818 mea

212 835 469 892 Terentia,
504 853 598 883 nec
631 853 778 883 meae
813 853 896 884 me
930 841 1162 885 miseriae
1197 842 1357 903 magis
1392 842 1700 894 excruciant,

213 918 365 965 quam
411 910 532 950 tuae
578 911 896 968 vestraeque.
962 904 1074 968 Ego
1120 912 1293 952 autem
1337 904 1432 952 hoc
1474 909 1701 952 miserior

212 986 341 1026 sum,
360 986 511 1033 quam
531 978 606 1027 tu,
625 987 756 1034 quae
777 988 829 1018 es
846 974 1143 1028 miserrima,
1162 973 1297 1036 quod
1314 976 1423 1036 ipsa
1439 972 1699 1019 calamitas

212 1041 490 1084 communis
537 1045 616 1085 est
660 1042 924 1102 utriusque
969 1046 1216 1096 nostrum,
1260 1040 1351 1087 sed
1395 1039 1541 1102 culpa
1585 1055 1700 1085 mea

212 1107 414 1166 propria
437 1112 530 1151 est.
601 1105 779 1152 Meum
802 1105 901 1152 fuit
921 1106 1135 1153 officium
1161 1106 1238 1153 vel
1260 1106 1517 1170 legatione
1539 1108 1698 1153 vitare

212 1170 508 1232 periculum,
527 1171 606 1218 vel
624 1173 889 1236 diligentia
907 1180 960 1219 et
978 1177 1132 1236 copiis
1150 1177 1403 1229 resistere,
1422 1173 1501 1220 vel
1517 1174 1699 1220 cadere

212 1236 428 1285 fortiter.
496 1238 606 1285 Hoc
629 1243 877 1296 miserius,
899 1244 1113 1303 turpius,
1135 1241 1389 1304 indignius
1413 1239 1700 1287 nobis'nihil

164 1311 189 1349 2
213 1303 325 1351 fuit.
394 1305 564 1364 Quare
585 1323 699 1353 cum
721 1306 892 1354 dolore
911 1307 1161 1363 conficior,
1182 1315 1291 1354 tum
1314 1311 1469 1355 etiam
1489 1307 1697 1371 pudore.

214 1371 381 1418 Pudet
426 1376 560 1419 enim
606 1390 688 1420 me
734 1377 877 1420 uxori
920 1385 1067 1420 meae
1112 1378 1355 1437 optimae,
1399 1377 1700 1421 suavissimis

212 1437 380 1485 liberis
437 1443 677 1486 virtutem
734 1448 789 1488 et
842 1441 1159 1504 diligentiam
1215 1459 1315 1488 non
1369 1445 1698 1504 praestitisse.

215 1505 345 1551 Nam
361 1507 483 1552 mihi
494 1507 512 1536 1
529 1515 650 1554 ante
666 1507 833 1555 oculos
847 1508 954 1555 dies
969 1515 1246 1571 noctesque
1261 1516 1490 1555 versatur
1501 1507 1701 1572 squalor

214 1579 384 1619 vester
407 1580 460 1620 et
482 1590 680 1621 maeror
703 1582 757 1621 et
778 1575 1042 1622 infirmitas
1065 1575 1368 1622 valetudinis
1390 1582 1511 1622 tuae
1535 1591 1547 1631 ;
1586 1588 1700 1638 spes

214 1647 389 1686 autem
437 1640 613 1688 salutis
661 1646 922 1704 pertenuis
972 1643 1272 1690 ostenditur.
1339 1643 1535 1690 Inimici
1581 1648 1701 1689 sunt

213 1706 378 1763 multi,
395 1708 549 1754 invidi
573 1725 737 1771 paene
762 1725 952 1756 omnes,
1012 1705 1190 1756 Eicere
1214 1726 1303 1756 nos
1321 1726 1563 1774 magnum
1584 1707 1701 1774 fuit,

216 1773 486 1821 excludere
514 1774 660 1822 facile
690 1783 782 1823 est.
850 1775 951 1823 Sed
977 1784 1152 1823 tamen
1180 1777 1421 1840 quamdiu
1449 1793 1535 1823 vos
1563 1778 1701 1823 eritis

215 1844 266 1886 in
297 1857 405 1903 spe,
436 1859 537 1888 non
568 1842 817 1898 deficiam,
848 1859 913 1889 ne
944 1848 1113 1890 omnia
1143 1860 1258 1890 mea
1288 1843 1435 1906 culpa
1463 1843 1702 1890 cecidisse

169 1913 193 1952 3
219 1908 500 1955 videantur.
570 1910 644 1956 Ut
669 1917 784 1956 tuto
809 1913 920 1966 sim,
946 1912 1083 1974 quod
1107 1910 1322 1966 laboras,
1346 1912 1398 1958 id
1423 1909 1545 1956 mihi
1570 1925 1702 1957 nunc

217 1973 509 2022 facillimum
542 1984 637 2032 est,
663 1994 815 2039 quem
848 1981 1003 2023 etiam
1033 1981 1219 2023 inimici
1250 1977 1425 2024 volunt
1455 1981 1621 2024 vivere
1650 1979 1702 2022 in

218 2040 293 2088 his
327 2046 484 2090 tantis
517 2047 744 2091 miseriis.
811 2044 922 2109 Ego
955 2052 1130 2091 tamen
1163 2043 1363 2101 faciam,
1396 2060 1528 2109 quae
1559 2058 1703 2108 prae-

822 2158 838 2182 ¹
869 2160 929 2198 mi
950 2158 1106 2199 Nobbe.

281 2298 299 2316 ⁰
331 2293 509 2334 Offered
549 2294 639 2334 him
679 2294 739 2345 by
779 2294 941 2334 Caesar
978 2296 1021 2334 in
1055 2299 1108 2336 59
1142 2296 1258 2346 (Aa.
1292 2296 1336 2334 ii.
1373 2294 1455 2346 18).
1513 2292 1704 2334 Cicero·s

230 2347 390 2387 refusal
411 2353 457 2388 to
477 2353 631 2400 accept
660 2349 745 2388 this
768 2349 1036 2390 well-meant
1066 2349 1174 2389 offer
1202 2349 1365 2389 caused
1391 2348 1552 2389 Caesar
1611 2352 1703 2388 reat

228 2403 409 2441 (monce.
468 2403 657 2442 (ficcro's
689 2408 951 2453 acceptam-c
983 2404 1032 2442 of
1058 2405 1089 2443 it
1119 2402 1262 2443 would
1294 2402 1405 2444 have
1434 2400 1569 2442 altere
1629 2401 1702 2442 the

231 2455 369 2494 whole
391 2469 543 2495 course
565 2456 615 2495 of
630 2455 696 2495 his
718 2455 913 2507 political
936 2455 1022 2496 life.
1703 2457 1705 2459 ’

288 2509 302 2531 ‘²
334 2508 411 2555 Or,
435 2509 644 2560 possibly,
667 2510 692 2525 ‘⁶
713 2510 792 2549 has
812 2509 992 2550 failed.’‘

233 2569 324 2614 190
