1837 3029
846 162 1096 209 CICERO

944 291 995 338 II

612 438 667 470 Μ.
693 437 868 469 CICERO
891 436 930 468 S.
957 437 1004 467 D.
1030 437 1074 473 Q.
1100 436 1285 468 FRATRI

719 549 901 595 Romae,
923 562 1054 589 A.u.c.
1078 551 1173 588 700.

183 678 202 718 1
295 671 356 716 A.
395 668 443 715 d.
478 683 546 714 VI.
578 666 653 713 Id.
690 665 872 711 Octob.
908 663 1100 710 Salvius
1138 663 1335 710 Ostiam
1372 668 1568 728 vesperi
1605 668 1718 713 navi

230 735 486 800 profectus
520 740 629 779 erat
663 749 775 778 cum
811 731 885 777 his
917 733 1085 782 rebus,
1119 748 1243 794 quas
1277 732 1369 778 tibi
1402 732 1552 779 domo
1583 736 1718 780 mitti

230 804 470 849 volueras.
540 800 733 846 Eodem
771 799 852 845 die
891 799 1162 845 Gabinium
1201 799 1265 845 ad
1300 799 1542 861 populum
1583 799 1720 846 lucu-

228 871 366 917 lente
402 867 705 915 calefecerat
743 866 1036 920 Memmius,
1070 869 1156 921 sic,
1191 873 1249 911 ut
1283 865 1475 913 Calidio
1510 867 1718 913 verbum

229 938 395 984 facere
416 952 506 999 pro
528 951 588 981 eo
609 951 708 980 non
728 933 941 979 licuerit.
1012 931 1259 979 Postridie
1281 940 1453 979 autem
1476 937 1582 980 eius
1603 934 1721 989 diei,

230 1008 315 1067 qui
334 1010 445 1050 erat
461 1010 572 1049 tum
589 999 808 1055 futuruS‚
826 1017 939 1046 cum
957 999 1083 1046 haec
1100 1000 1382 1046 scribebam
1400 1007 1521 1047 ante
1537 1000 1721 1057 lucem,

231 1071 367 1134 apud
408 1069 656 1116 Catonem
701 1074 811 1113 erat
854 1068 1097 1113 divinatio
1138 1071 1189 1112 in
1234 1067 1507 1114 Gabinium
1549 1066 1720 1114 futura

230 1143 363 1184 inter
384 1137 686 1186 Memmium
709 1142 761 1181 et
780 1134 853 1180 Ti.
877 1134 1131 1180 Neronem
1153 1141 1206 1180 et
1225 1133 1279 1180 C.
1303 1141 1356 1180 et
1376 1133 1433 1180 L.
1455 1136 1722 1192 Antonios,

234 1205 307 1252 M.
347 1205 401 1251 F.
471 1203 783 1249 Putabamus
820 1200 946 1255 fore,
984 1208 1039 1247 ut
1081 1200 1326 1247 Memmio
1363 1201 1589 1257 daretur,
1626 1205 1721 1249 etsi

231 1279 342 1318 erat
365 1271 578 1317 Neronis
601 1272 727 1315 mira
749 1271 1025 1314 contentio.
1095 1267 1229 1325 Quid
1253 1272 1452 1331 quaeris
1476 1270 1493 1315 ?
1559 1268 1722 1316 Probe

230 1341 494 1401 premitur,
537 1339 630 1382 nisi
673 1342 845 1381 noster
888 1334 1175 1397 Pompeius,
1218 1335 1292 1381 dis
1335 1334 1722 1399 hominibusque

182 1414 205 1452 2
230 1408 417 1460 invitis,
444 1406 707 1467 negotium
737 1405 994 1448 everterit.
1063 1401 1322 1464 Cognosce
1351 1419 1483 1449 nunc
1509 1402 1724 1449 hominis

232 1473 513 1526 audaciam,
545 1478 599 1516 et
629 1469 819 1532 aliquid
849 1472 900 1515 in
930 1469 1188 1531 republica
1218 1469 1420 1531 perdita
1449 1469 1721 1516 delectare.

232 1540 360 1586 Cum
392 1538 655 1592 Gabinius,
686 1553 1006 1599 quacumque
1038 1537 1295 1592 veniebat,
1325 1535 1638 1599 triumphum
1670 1554 1722 1583 se

230 1605 488 1670 postulare
513 1605 742 1659 dixisset,
767 1605 1055 1665 subitoque,
1074 1604 1235 1649 bonus
1259 1606 1552 1666 imperator,
1571 1612 1723 1651 noctu

231 1678 282 1720 in
309 1673 503 1720 Urbem
528 1671 769 1734 (hostium
795 1669 988 1733 plane1)
1013 1673 1295 1726 invasisset,
1319 1674 1370 1716 in
1402 1678 1637 1718 senatum
1669 1688 1723 1718 se

233 1758 333 1788 non
379 1739 752 1787 committebat.
822 1737 1033 1783 Interim
1080 1740 1188 1800 ipso
1235 1738 1431 1784 decimo
1477 1738 1578 1794 die,
1625 1755 1724 1802 quo

232 1812 397 1871 ipsum
448 1807 720 1869 oportebat
770 1803 991 1851 hostium
1042 1820 1302 1851 caesorum
1353 1822 1619 1852 numerum
1672 1813 1723 1852 et

233 1874 451 1921 militum
498 1875 809 1928 renuntiare,
850 1874 1078 1934 inrepsit,
1121 1888 1318 1918 summa
1364 1871 1721 1936 infrequentia.

295 1970 311 1994 ¹
342 1971 533 2010 hostium
559 1968 735 2020 plenam
761 1968 877 2007 Koch
900 1985 908 2008 :
936 1968 1134 2007 hostilem
1162 1970 1202 2008 in
1230 1967 1409 2008 modum
1442 1969 1700 2020 leenberq.

295 2081 313 2099 ⁰
347 2075 395 2115 C.
423 2075 678 2120 Memmius,
701 2074 774 2113 the
796 2073 984 2113 tribune.

299 2129 314 2152 ¹²
347 2128 535 2168 Counsel
559 2129 625 2167 for
649 2127 880 2168 Gabinius.
941 2127 1081 2166 There
1105 2128 1138 2166 is
1163 2140 1220 2166 no
1243 2126 1382 2168 doubt
1404 2140 1431 2167 a
1453 2127 1559 2180 play
1583 2129 1625 2167 in
1651 2127 1723 2167 the

245 2182 374 2222 Latin
399 2196 454 2221 on
478 2182 727 2233 calefecerat
751 2181 839 2220 and
868 2182 1070 2220 Calidius
1093 2181 1315 2231 (calidus).

298 2243 312 2261 ⁰
344 2237 574 2276 Divinatio
605 2248 693 2275 was
722 2235 795 2275 the
824 2234 1039 2274 technical
1068 2239 1176 2274 term
1207 2235 1274 2274 for
1303 2248 1328 2274 a
1358 2234 1515 2274 formal
1546 2236 1723 2286 inquii-y

241 2302 288 2329 as
318 2294 363 2329 to
395 2289 534 2328 which
567 2289 615 2328 of
641 2288 807 2329 several
836 2301 1035 2328 accusers
1066 2290 1318 2339 presenting
1348 2288 1606 2328 themselves
1638 2301 1725 2328 was

242 2343 314 2383 the
333 2356 492 2394 proper
512 2356 668 2394 person
690 2346 735 2382 to
755 2341 945 2381 conduct
965 2342 1037 2381 the
1058 2344 1347 2393 prosecution.

299 2395 316 2418 ‘¹
351 2398 433 2443 i.e.‚
458 2396 531 2436 the
553 2396 853 2436 combination
877 2397 1052 2447 against
1075 2396 1305 2436 Gabinius.

299 2455 313 2473 ⁶
350 2450 389 2490 lt
410 2449 553 2489 would
573 2463 689 2489 seem
710 2449 806 2489 that
825 2449 882 2489 all
901 2463 1139 2499 governors
1159 2463 1214 2488 on
1236 2451 1462 2500 returning
1481 2448 1593 2488 from
1615 2449 1726 2488 their

242 2506 468 2556 provinc-es·
496 2517 604 2542 were
630 2502 766 2542 called
797 2516 855 2553 up
882 2508 926 2542 to
954 2508 1097 2553 rvport
1123 2508 1167 2542 to
1195 2503 1266 2542 the
1294 2502 1453 2542 senate
1478 2516 1565 2554 any
1595 2502 1725 2542 losses

242 2571 337 2616 572
