1837 3029
885 158 1136 206 CICERO

266 293 348 332 tur
370 286 700 334 Dolabellam.
755 287 849 335 Cui
869 304 983 334 cum
1004 305 1167 335 essem
1183 304 1431 344 assensus,
1447 288 1646 336 decrevi
1665 287 1757 335 hoc

267 365 497 428 amplius,
528 373 585 412 ut
617 373 690 421 tu,
721 369 761 412 si
791 367 1093 413 arbitrarere
1125 367 1248 413 utile
1280 383 1446 430 exque
1475 383 1529 414 re
1560 366 1758 430 publica

269 460 395 500 esse,
415 460 777 507 persequerere
799 444 931 490 bello
955 444 1290 500 Dolabellam,
1311 448 1352 492 si
1372 448 1535 492 minus
1556 444 1608 492 id
1627 461 1760 491 com-

267 521 416 569 modo
443 526 514 568 rei
541 523 770 584 publicae
798 522 964 569 facere
992 540 1161 585 posses
1188 526 1291 570 sive
1318 539 1418 570 non
1445 526 1759 570 existimares

268 616 332 646 ex
359 616 411 647 re
438 601 637 663 publica
663 617 789 656 esse,
817 608 873 648 ut
907 605 957 647 in
979 601 1157 648 iisdem
1188 601 1304 648 locis
1336 605 1617 648 exercitum
1646 616 1760 647 con-

270 682 472 725 tineres.
544 678 679 725 Nihil
709 678 1115 727 honorificentius
1150 683 1318 742 potuit
1341 679 1508 727 facere
1539 685 1762 731 senatus,

271 773 422 819 quam
440 764 495 803 ut
517 764 663 804 tuum
681 765 817 804 esset
832 758 1088 814 iudicium,
1107 759 1226 821 quid
1244 761 1464 805 maxime
1481 757 1760 804 conducere.

270 839 340 881 rei
377 835 607 898 publicae
645 837 736 882 tibi
774 836 1043 882 videretur.
1114 836 1365 899 Equidem
1402 840 1471 882 sic
1506 838 1687 890 sentio,
1721 836 1759 880 si

269 929 474 959 manum
498 913 671 969 habet,
694 917 733 960 si
755 922 936 970 castra,
958 918 998 961 si
1022 916 1105 961 ubi
1128 919 1368 961 consistat
1393 917 1587 977 uspiam
1612 911 1762 959 Dola-

270 991 419 1047 bella,
443 992 506 1039 ad
533 992 683 1038 sidem
708 999 762 1039 et
785 993 848 1039 ad
872 993 1176 1056 dignitatem
1201 1001 1342 1039 tuam
1367 995 1621 1055 pertinere
1646 1007 1761 1037 eum

271 1074 519 1133 persequi.
592 1071 670 1116 De
705 1070 859 1117 Cassii
893 1075 1048 1117 nostri
1080 1075 1232 1134 copiis
1266 1071 1385 1117 nihil
1419 1071 1763 1117 sciebamus—-

272 1165 436 1211 neque
466 1152 599 1195 enim
627 1150 690 1195 ab
718 1153 824 1211 ipso
851 1149 982 1196 ullae
1010 1150 1211 1196 litterae
1239 1166 1405 1212 neque
1434 1148 1764 1195 nuntiabatur

269 1227 562 1289 quidquam,
608 1227 742 1289 quod
786 1244 876 1290 pro
920 1234 1059 1274 certo
1104 1227 1472 1274 haberemus—
1495 1243 1506 1283 3
1570 1232 1760 1289 quanto

268 1321 420 1368 opere
455 1312 628 1352 autem
664 1309 863 1352 intersit
897 1309 1110 1368 opprimi
1147 1305 1500 1360 Dollabellam‚
1534 1303 1761 1367 profecto

267 1383 537 1447 intellegis,
569 1400 683 1430 cum
716 1391 772 1431 ut
803 1384 1002 1430 sceleris
1033 1401 1221 1447 poenas
1254 1384 1524 1447 persolvat,
1555 1390 1666 1430 tum
1697 1398 1761 1427 ne

267 1465 351 1518 sit,
375 1478 474 1525 quo
504 1478 557 1508 se
588 1462 841 1509 latronum
871 1462 1023 1509 duces
1050 1479 1111 1508 ex
1140 1462 1421 1509 Mutinensi
1451 1461 1573 1525 fuga
1596 1459 1763 1507 confe-

267 1547 396 1587 rant.
467 1542 639 1603 Atque
677 1539 770 1586 hoc
800 1539 920 1586 mihi
957 1544 1057 1586 iam
1088 1548 1207 1587 ante
1245 1541 1490 1603 placuisse
1520 1546 1667 1602 potes
1699 1554 1762 1585 ex

267 1619 604 1682 superioribus
631 1622 755 1665 meis
783 1619 961 1665 litteris
990 1619 1238 1665 recordari
1263 1636 1273 1666 :
1318 1634 1626 1682 quamquam
1652 1624 1762 1663 tum

269 1705 321 1744 et
340 1696 492 1760 fugae
513 1704 686 1760 portus
708 1705 815 1743 erat
837 1701 886 1742 in
906 1701 1004 1743 tuis
1025 1701 1198 1744 castris
1220 1704 1273 1744 et
1291 1697 1569 1743 subsidium
1588 1695 1761 1742 salutis

267 1779 317 1821 in
348 1782 436 1822 tuo
468 1779 708 1822 exercitu.
777 1774 889 1832 Quo
921 1779 1080 1839 magis
1107 1792 1238 1821 nunc
1270 1775 1486 1830 liberati,
1512 1782 1569 1821 ut
1598 1790 1762 1836 sperO,

267 1853 495 1916 periculis
522 1857 571 1899 in
609 1853 872 1899 Dolabella
906 1854 1236 1915 opprimendo
1270 1856 1500 1915 occupati
1536 1868 1644 1899 esse
1677 1851 1762 1898 de-

268 1933 460 1978 bemus.
530 1930 630 1978 Sed
669 1930 761 1978 hoc
792 1933 1036 1994 cogitabis
1068 1932 1375 1995 diligentius,
1408 1938 1603 1978 statues
1633 1932 1761 1992 sapi-

269 2018 438 2056 enter:
467 2008 620 2055 facies
638 2026 743 2064 nos,
761 2009 881 2072 quid
900 2013 1218 2056 constitueris
1237 2016 1290 2056 et
1310 2009 1431 2072 quid
1451 2025 1589 2072 agas,
1606 2011 1645 2054 si
1669 2008 1759 2054 tibi

219 2095 242 2133 3
268 2088 534 2142 videbitur,
560 2091 812 2133 certiores.
883 2087 1176 2133 Ciceronem
1202 2094 1427 2133 nostrum
1458 2090 1508 2132 in
1538 2093 1760 2132 vestrum

268 2165 534 2227 collegium
554 2167 777 2227 cooptari
798 2165 922 2211 volo.
985 2165 1232 2211 Existimo
1253 2168 1454 2211 omnino
1475 2164 1761 2211 absentium

222 1077 246 1115 10

282 2285 1703 2291 ῥ--ῲ-ῇ-ρ-ῄὰ--ᾷ-
1706 2283 1759 2290 -.

331 2353 350 2372 ⁰
382 2346 450 2398 By
470 2360 496 2386 a
526 2347 615 2386 Lex
644 2347 837 2387 Domitia
867 2347 917 2386 of
944 2350 1021 2388 104
1051 2361 1129 2387 ac.
1160 2347 1232 2387 the
1255 2346 1438 2387 election
1461 2347 1511 2386 of
1534 2345 1761 2398 pontifices

273 2414 361 2441 was
382 2399 530 2441 vested
554 2403 595 2440 in
620 2415 644 2440 a
667 2401 827 2452 special
850 2400 1053 2441 electoral
1075 2401 1297 2452 assenibly
1319 2402 1369 2440 of
1391 2404 1437 2441 17
1461 2400 1608 2440 tribes.
1669 2399 1761 2439 Tlie

271 2455 505 2507 collegium
533 2457 791 2507 pontificum
820 2455 904 2494 had
938 2455 1010 2495 the
1035 2456 1151 2507 right
1178 2457 1228 2495 of
1248 2456 1520 2495 noniination
1547 2453 1635 2494 and
1661 2455 1711 2493 of
1734 2467 1760 2493 a

271 2509 429 2549 formal
449 2512 579 2561 coriye'
598 2510 763 2550 d'e'lire.

267 2581 360 2624 652
