1837 3029
872 160 1124 211 CICERO

258 304 357 350 que
382 306 597 354 magnae
623 307 772 338 curae
798 308 925 347 esse,
945 293 1078 355 quod
1104 293 1239 340 nullo
1264 312 1503 359 umquam
1529 297 1593 344 de
1617 312 1738 361 rege

256 375 517 423 decretum
547 386 681 425 esset
709 396 737 425 a
764 387 934 425 nostro
961 381 1153 436 ordine,
1180 385 1481 440 existimavi,
1507 400 1588 430 me
1614 383 1739 430 iudi-

255 467 384 509 cium
419 473 638 511 vestrum
672 467 735 513 ad
766 484 939 530 regem
970 467 1168 515 deferre
1200 470 1388 516 debere
1419 474 1567 534 eique
1597 487 1741 534 prae-

254 551 434 597 sidium
470 570 638 599 meum
677 562 731 600 et
766 555 916 601 fidem
954 563 1007 601 et
1041 556 1356 619 diligentiam
1392 557 1632 620 polliceri,
1666 565 1740 613 ut,

254 654 365 684 cum
415 640 546 686 salus
581 645 751 703 ipsius,
785 642 1101 689 incolumitas
1148 648 1291 707 regni
1324 644 1445 690 mihi
1487 661 1740 691 commen-

206 734 229 766 Γ»
254 726 373 771 data
400 736 534 774 esset
559 745 588 774 a
614 730 768 785 vobis,
788 730 998 785 diceret,
1023 734 1061 776 si
1087 732 1208 794 quid
1228 731 1396 778 vellet.
1455 732 1599 790 Quae
1624 749 1736 779 cum

253 829 413 859 essem
450 818 500 861 in
536 817 738 862 consilio
761 834 888 869 ,meo
923 835 1036 864 cum
1074 835 1194 881 rege
1230 819 1444 874 loeutus,
1478 823 1620 866 initio
1655 819 1736 864 ille

250 905 488 948 orationis
507 919 626 949 suae
648 906 785 951 vobis
804 909 1068 961 maximas,
1087 913 1145 952 ut
1163 906 1359 961 debuit,
1378 907 1561 953 deinde
1582 909 1735 952 etiam

250 988 369 1034 mihi
398 994 586 1052 gratias
617 996 740 1055 egit,
769 994 903 1055 quod
933 997 977 1039 ei
1006 1010 1339 1056 permagnum
1370 1001 1422 1040 et
1449 992 1737 1056 perhonori-

250 1075 397 1122 ficum
434 1080 717 1135 videbatur,
751 1098 938 1143 S.p.q.r.
975 1088 1152 1127 tantae
1188 1098 1337 1128 curae
1374 1097 1483 1128 esse
1519 1081 1735 1127 salutem

248 1179 425 1220 suam3
478 1184 663 1229 meque
705 1176 903 1214 tantam
940 1168 1256 1231 diligentiam
1293 1168 1552 1224 adhibere,
1588 1175 1645 1214 ut
1680 1173 1734 1213 et

246 1267 361 1298 mea
389 1253 511 1300 fides
541 1262 592 1301 et
620 1256 1071 1302 commendationis
1098 1264 1296 1303 vestrae
1324 1259 1596 1302 auctoritas
1622 1271 1733 1317 per-

246 1343 366 1400 spici
396 1350 583 1402 posset.
646 1344 819 1406 Atque
847 1343 930 1389 ille
960 1348 1138 1406 primo,
1168 1345 1303 1406 quod
1331 1343 1452 1390 mihi
1480 1346 1731 1389 maximae

245 1424 472 1474 laetitiae
493 1429 607 1485 fuit,
626 1434 699 1477 ita
719 1447 918 1477 mecum
938 1431 1134 1478 locutus
1156 1439 1251 1486 est,
1272 1439 1330 1478 ut
1349 1430 1510 1477 nullas
1528 1430 1730 1476 insidias

244 1531 410 1578 neque
452 1521 586 1563 vitae
624 1535 745 1565 suae
783 1535 950 1581 neque
997 1535 1154 1583 regno
1195 1520 1389 1566 diceret
1434 1535 1488 1565 se
1530 1525 1620 1564 aut
1656 1519 1728 1562 in-

242 1602 487 1667 tellegere
529 1606 653 1661 fieri,
693 1613 782 1653 aut
835 1610 990 1653 etiam
1030 1610 1284 1669 suspicari.
1379 1606 1506 1653 Cum
1547 1621 1642 1669 ego
1681 1606 1725 1649 ei

239 1691 525 1753 gratulatus
568 1710 748 1749 essem,
790 1695 942 1757 idque
985 1711 1067 1740 me
1109 1695 1334 1758 gaudere
1376 1695 1632 1748 dixissem,
1673 1697 1726 1736 et

240 1784 414 1825 tamen
438 1780 815 1828 adulescentem
842 1798 1003 1828 essem
1028 1782 1338 1838 cohortatus,
1361 1789 1418 1828 ut
1442 1780 1725 1827 recordare-

239 1872 323 1912 tur
360 1883 531 1913 casum
568 1868 707 1914 illum
746 1873 981 1915 interitus
1020 1873 1238 1932 paterni,
1276 1877 1329 1916 et
1367 1868 1634 1932 vigilanter
1670 1882 1722 1912 se

239 1960 488 2009 tueretur,
524 1963 679 2018 atque
717 1957 978 2002 admonitu
1014 1964 1220 2003 senatus
1254 1956 1540 2003 consuleret
1572 1953 1721 2000 saluti

238 2057 377 2097 suae,
427 2050 537 2089 tum
590 2060 619 2089 a
668 2060 749 2090 me
801 2045 1029 2090 discessit
1078 2048 1129 2090 in
1179 2045 1420 2107 oppidum
1470 2043 1717 2107 Cybistra.

189 2134 213 2172 6
238 2127 446 2175 Postero
470 2138 642 2177 autem
667 2132 748 2178 die
773 2149 885 2178 cum
912 2131 1198 2188 Ariarathe,
1219 2131 1376 2178 fratre
1399 2148 1507 2187 suo,
1531 2138 1584 2177 et
1604 2145 1718 2176 cum

234 2222 458 2278 paternis
478 2222 666 2273 amicis,
683 2221 953 2265 maioribus
972 2227 1114 2275 natu,
1132 2221 1195 2266 ad
1213 2236 1294 2266 me
1313 2223 1364 2266 in
1382 2226 1548 2266 castra
1563 2219 1718 2272 venit,

235 2306 662 2368 perturbatusque
696 2314 749 2352 et
782 2306 924 2361 flens,
949 2325 1061 2353 cum
1086 2308 1221 2354 idem
1258 2315 1312 2354 et
1342 2306 1499 2352 frater
1528 2305 1718 2351 faceret

294 2435 310 2451 ‘¹
344 2431 667 2470 Ariobarzanes
706 2431 763 2471 ll.
797 2432 884 2471 had
916 2431 1048 2471 fallen
1087 2446 1112 2472 a
1147 2435 1295 2472 victim
1325 2437 1372 2473 to
1401 2446 1427 2472 a
1455 2433 1713 2484 conspiracy

235 2482 402 2535 shortly
427 2484 574 2524 before
597 2485 749 2525 cicero
770 2485 941 2525 arrived
964 2487 1007 2526 in
1029 2485 1101 2526 the
1126 2487 1243 2526 Eas-t.

239 2552 329 2593 238
