1837 3029
868 201 1117 249 CICERO

249 325 454 372 dicam?
510 345 661 391 quem
698 336 838 375 certo
875 333 975 377 scio
1011 334 1084 377 ita
1120 330 1347 378 laborare
1385 332 1449 379 de
1487 335 1738 379 existima·

250 410 386 453 tione
410 425 517 463 sua,
542 416 597 455 ut
620 417 828 471 propter
850 427 1070 456 amorem
1095 413 1146 457 in
1171 428 1258 458 nos
1282 410 1561 459 fraternum
1587 416 1741 460 etiam

178 493 223 532 ll
251 487 314 533 de
371 496 542 535 nostra
598 489 808 536 laboret.
877 491 1213 549 Quaestorem
1269 491 1444 548 habes,
1498 510 1599 540 non
1654 500 1744 540 tuo

249 568 431 615 iudicio
461 569 735 626 delectum,
765 571 854 618 sed
886 588 1019 627 eum,
1051 589 1202 635 quem
1233 590 1337 620 sors
1367 573 1525 620 dedit.
1595 573 1744 620 Hunc

249 657 452 710 oportet
493 658 546 697 et
583 667 674 697 sua
711 659 892 713 sponte
933 669 1041 698 esse
1079 653 1399 700 moderatum
1441 661 1494 700 et
1532 657 1632 700 tuis
1671 657 1743 700 in-

249 733 441 775 stitutis
471 747 527 776 ac
556 735 840 794 praeceptis
869 733 1239 794 obtemperare.
1308 733 1533 792 Quorum
1563 737 1603 780 si
1633 737 1742 796 quis

249 808 380 855 forte
420 819 555 857 esset
593 812 852 867 sordidior,
891 811 1046 859 ferres
1087 820 1316 869 eatenuS,
1355 814 1521 876 quoad
1560 830 1651 876 per
1689 829 1742 859 se

249 889 548 953 neglegeret
581 908 664 938 eas
697 892 853 956 leges,
887 895 1067 955 quibus
1101 901 1236 940 esset
1269 897 1520 950 astrictus,
1552 911 1652 940 non
1686 900 1742 940 ut

249 985 310 1016 ea
334 978 613 1033 potestate,
640 990 792 1035 quam
819 980 875 1020 tu
903 974 966 1020 ad
993 974 1299 1037 dignitatern
1323 977 1652 1037 permisisses,
1677 973 1741 1020 ad

249 1059 518 1113 quaestum
552 1060 799 1101 uteretur.
869 1054 1048 1117 Neque
1082 1058 1216 1101 enim
1249 1054 1371 1101 mihi
1403 1071 1524 1102 sane
1556 1054 1741 1118 placet,

248 1137 546 1194 praesertim
588 1150 702 1180 cum
744 1133 795 1180 hi
837 1152 1001 1181 mores
1043 1142 1245 1182 tantum
1286 1139 1387 1182 iam
1430 1136 1494 1182 ad
1535 1138 1739 1181 nimiam

249 1210 514 1260 lenitatem
546 1221 598 1261 et
628 1215 692 1262 ad
722 1216 1050 1262 ambitionem
1079 1217 1418 1272 incubuerint,
1448 1219 1657 1262 scrutari
1686 1222 1739 1261 te

248 1309 422 1340 omnes
452 1295 641 1350 sordes,
671 1303 911 1343 excutere
942 1313 1097 1343 unum
1127 1313 1383 1360 quemque
1413 1313 1603 1352 eorum,
1632 1295 1738 1351 sed,

248 1382 439 1435 quanta
486 1379 552 1422 sit
596 1379 648 1421 in
695 1394 896 1439 quoque
944 1377 1086 1433 fides,
1132 1385 1333 1424 tantum
1380 1381 1561 1440 cuique
1606 1392 1737 1422 com-

246 1458 468 1502 mittere.
537 1457 709 1519 Atque.
743 1461 876 1503 inter
909 1457 1015 1513 hos,
1042 1474 1144 1514 eos,
1169 1475 1292 1521 quos
1318 1459 1409 1505 tibi
1442 1460 1653 1505 comites
1684 1462 1738 1502 et

248 1536 503 1582 adiutores
556 1541 874 1600 negotiorum
926 1538 1239 1600 publicorum
1292 1539 1436 1586 dedit
1484 1541 1593 1601 ipsa
1637 1552 1739 1583 res-

247 1616 462 1676 publica,
499 1618 770 1664 dumtaxat
806 1619 984 1665 finibus
1021 1619 1096 1666 his
1131 1620 1430 1682 praestabis,
1458 1634 1583 1682 quos
1616 1623 1736 1664 ante

172 1701 222 1739 12
245 1701 556 1759 praescripsi.
626 1698 712 1745 IV.
751 1700 888 1757 Quos
925 1716 1041 1745 vero
1077 1707 1167 1746 aut
1203 1716 1265 1746 ex
1302 1700 1588 1746 domesticis
1622 1714 1737 1744 con-

246 1778 545 1825 victionibus
581 1785 670 1825 aut
707 1796 769 1826 ex
806 1783 1097 1826 necessariis
1134 1780 1531 1842 apparitionibus
1566 1786 1736 1825 tecum

248 1873 356 1903 esse
384 1857 599 1914 voluisti,
625 1863 709 1921 qui
735 1863 877 1922 quasi
904 1876 967 1906 ex
993 1859 1198 1906 cohorte
1224 1863 1470 1922 praetoris
1496 1857 1736 1922 appellari

244 1936 428 1994 solent,
449 1937 626 1985 horum
651 1957 749 1986 non
773 1940 922 1986 modo
945 1938 1097 1996 facta,
1119 1941 1210 1987 sed
1234 1943 1388 1987 etiam
1411 1940 1548 1987 dicta
1569 1940 1737 1985 omnia

246 2020 552 2079 praestanda
583 2021 725 2066 nobis
756 2028 889 2067 sunt.
958 2019 1058 2067 Sed
1089 2020 1245 2067 habes
1277 2037 1362 2067 eos
1393 2027 1581 2075 tecum,
1611 2033 1735 2082 quos

245 2102 403 2161 possis
447 2107 585 2146 recte
643 2099 888 2148 facientes
946 2100 1092 2147 facile
1135 2100 1364 2165 diligere,
1406 2103 1570 2146 minus
1621 2114 1734 2145 con-

307 2329 327 2348 ⁰
359 2323 423 2365 M.
460 2325 686 2366 Gratidius
722 2339 809 2365 was
840 2339 867 2366 a
904 2325 1082 2366 brother
1117 2325 1169 2366 of
1201 2325 1390 2365 Cicero’s
1417 2322 1736 2376 grandmother

251 2375 468 2419 Gratidia.
511 2379 639 2419 Iftlie
661 2379 888 2420 Gratidius
901 2380 1001 2420 here
1020 2379 1271 2420 mentioned
1286 2391 1374 2420 was
1390 2378 1454 2419 M.
1470 2377 1734 2419 Gratidius’s

250 2432 490 2482 grandson,
506 2434 558 2473 he
576 2434 719 2473 would
739 2434 790 2473 lu·
805 2435 992 2473 (ficcro's
1007 2436 1157 2473 cousin
1171 2434 1338 2486 (frater
1356 2435 1390 2472 is
1407 2433 1527 2472 often
1544 2431 1649 2472 used
1666 2431 1734 2471 for

249 2488 435 2536 cousin).

309 2540 324 2563 ι’
357 2539 437 2579 His
458 2554 586 2581 name
607 2543 641 2581 is
661 2541 901 2582 unknown.

255 2620 347 2667 398
