1837 3029
851 173 1103 220 CICERO

232 306 310 346 tas
366 303 517 347 vincit
571 304 772 347 inanem
826 305 1046 363 speciem
1097 301 1398 348 clementiae
1424 316 1435 356 ;
1503 299 1638 363 quod
1683 302 1722 346 si

232 380 510 428 clementes
560 399 668 428 esse
717 381 962 437 volumus,
1006 398 1283 445 numquam
1326 382 1543 428 deerunt
1591 379 1723 428 bella

232 461 407 508 civilia.
478 461 578 510 Sed
602 463 666 510 de
691 461 784 508 hoc
809 470 865 510 tu
893 463 1072 510 videris
1098 480 1108 509 :
1152 462 1215 510 de
1240 479 1321 510 me
1347 479 1549 526 possum
1573 461 1726 517 idem,

233 543 368 606 quod
394 543 654 591 Plautinus
679 551 826 606 pater
850 547 900 591 in
924 543 1216 591 Trinummo
1241 561 1251 590 ε

253 651 364 692 Mihi
387 651 564 703 quidem
590 655 712 692 aetas
732 654 832 692 acta
855 651 992 692 ferme
1013 655 1101 693 est:
1138 655 1217 692 tua
1240 653 1352 692 istuc
1370 652 1503 692 refert
1523 651 1725 691 maxime.

185 733 622 811 GOpprimemini,
662 746 784 794 mihi
824 748 992 803 crede,
1031 747 1206 803 Brute,
1247 750 1339 794 nisi
1379 746 1731 810 provideriti83

235 847 401 892 neque
423 831 558 875 enim
573 828 817 891 populum
833 846 1034 891 semper
1055 829 1274 875 eundem
1295 827 1546 875 habebitis
1563 843 1730 890 neque

234 918 469 959 senatum
521 926 687 972 neque
740 913 903 956 senati
955 910 1152 956 ducem.
1223 909 1365 956 Haec
1416 925 1480 956 ex
1531 907 1731 955 oraculo

238 992 481 1055 Apollinis
531 991 701 1054 Pythii
740 991 877 1038 edita
915 992 1007 1038 tibi
1044 998 1204 1054 puta:
1259 989 1380 1037 nihil
1415 996 1588 1053 potest
1623 1004 1731 1036 esse

237 1077 415 1121 verius.
484 1089 561 1119 xv.
592 1072 702 1119 Kal.
734 1072 912 1119 Maias.

747 1377 844 1422 VII
883 1377 943 1439 (I.
981 1382 1009 1423 3
1045 1378 1091 1437 ἓξ
1132 1377 1229 1439 1-3)

629 1521 684 1554 Μ.
723 1522 896 1552 CICERO
932 1522 969 1553 S.
1008 1522 1054 1553 D.
1093 1522 1146 1552 M.
1187 1521 1348 1553 BRUTO

770 1613 954 1662 Romae,
977 1626 1110 1655 A.U.c.
1135 1616 1211 1654 711

195 1717 211 1757 l
307 1712 522 1758 Nostrae
547 1728 625 1758 res
650 1710 856 1757 meliore
882 1711 988 1757 loco
1015 1710 1317 1757 videbantur
1341 1725 1352 1765 3
1394 1712 1580 1772 scripta
1605 1711 1738 1760 enim

243 1793 307 1840 ad
332 1799 385 1839 te
412 1799 550 1839 certo
577 1795 694 1846 scio,
721 1808 851 1854 quae
878 1799 1025 1854 gesta
1051 1798 1183 1837 sunt.
1255 1790 1442 1849 Quales
1468 1791 1561 1836 tibi
1586 1805 1738 1851 saepe

243 1876 415 1935 scripsi
442 1873 669 1919 consules
692 1888 800 1919 esse
827 1872 956 1919 tales
981 1875 1304 1919 exstiterunt.
1375 1871 1601 1918 Caesaris
1622 1886 1738 1916 vero

243 1957 387 2017 pueri
405 1954 613 2000 mirifica
631 1953 823 2000 indoles
844 1955 1042 2000 virtutis
1069 1970 1078 1999 :
1117 1956 1312 1999 utinam
1331 1959 1439 1999 tam
1457 1950 1602 1998 facile
1623 1966 1739 1997 eum

248 2035 514 2082 florentem
553 2042 607 2082 et
644 2034 914 2081 honoribus
955 2041 1008 2081 et
1049 2037 1213 2097 gratia
1251 2049 1429 2097 regere
1468 2049 1525 2079 ac
1563 2039 1740 2079 tenere

245 2119 507 2179 possimus,
539 2133 691 2178 quam
720 2115 865 2161 facile
898 2115 1060 2162 adhuc
1091 2118 1346 2161 tenuimus
1371 2114 1380 2160 ἕ
1431 2119 1509 2161 est
1537 2115 1740 2160 omnino

246 2197 367 2244 illud
391 2197 650 2244 difficilius.
671 2197 759 2242 sed
785 2204 959 2242 tamen
982 2212 1080 2242 non
1106 2196 1373 2242 diffidimus
1393 2209 1404 2250 ;
1446 2209 1740 2256 persuasum

247 2285 325 2325 est
355 2281 488 2323 enim
519 2277 849 2333 adulescenti,
877 2285 929 2323 et
960 2279 1179 2323 maxime
1209 2293 1299 2339 per
1327 2292 1427 2331 me,
1454 2277 1558 2321 eius
1588 2290 1741 2338 opera

889 2431 906 2449 ss

593 2480 608 2505 θ
637 2480 730 2520 Tho
751 2479 887 2520 battle
908 2425 1138 2520 0}Fg‡gm
1160 2479 1405 2520 Gallorum.

492 2539 509 2560 ⁰
537 2535 754 2576 Octavian
779 2537 844 2586 (C.
872 2534 1006 2575 Iulius
1027 2535 1188 2575 Caesar
1209 2532 1511 2585 Octavianus).

247 2609 340 2652 646
