1837 3029
861 187 1110 235 CICERO

243 318 482 378 quinque.
535 316 643 379 Ego
661 319 709 362 in
731 317 994 364 Formiano
1013 336 1055 364 a.
1075 318 1122 365 d.
1145 334 1218 364 111.
1245 318 1455 365 Kalend.
1476 334 1584 365 esse
1602 316 1726 364 volo.

195 397 219 436 2
246 391 320 437 Ibi
344 399 396 438 te
420 399 476 438 ut
498 393 693 439 firmum
718 393 987 449 offendam,
1008 398 1074 440 mi
1096 395 1228 449 Tiro,
1250 395 1405 441 effice.
1449 393 1730 441 Litterulae

243 485 406 522 meae,
431 472 532 515 sive
559 477 778 525 nostrae,
803 474 877 516 ’cui
902 471 1151 517 desiderio
1175 471 1562 535 oblanguerunt.
1622 470 1730 516 Hac

242 551 415 591 tamen
439 545 672 608 epistula,
694 564 843 609 quam
870 548 1084 594 Acastus
1107 547 1298 602 attulit,
1320 547 1486 595 oculos
1507 546 1728 610 paullum

241 621 569 668 sustulerunt.
652 622 919 686 Pompeius
966 631 1075 670 erat
1122 625 1257 686 apud
1302 641 1402 679 me,
1447 641 1561 670 cum
1606 622 1730 668 haec

241 698 540 753 scribebam,
583 697 738 745 hilare
783 707 837 746 et
878 699 1111 747 libenter.
1189 701 1247 746 Ei
1291 703 1514 764 cupienti
1558 699 1729 746 audire

241 781 413 820 nostra
437 775 541 821 dixi
566 778 673 822 sine
699 783 752 822 te
779 780 947 822 omnia
971 793 1085 823 mea
1112 785 1253 823 muta
1281 793 1406 824 esse.
1465 777 1540 823 Tu
1571 776 1730 822 Musis

240 853 422 897 nostris
442 867 564 913 para
586 858 642 899 ut
662 869 839 915 operas
860 854 1057 900 reddas.
1100 853 1282 900 Nostra
1303 854 1367 900 ad
1387 854 1522 900 diem
1542 853 1729 899 dictam

241 926 380 973 fient.
434 927 594 974 Docui
614 932 747 974 enim
773 936 845 984 te,
865 929 988 976 fides
1009 930 1175 991 ἔτυμον
1200 931 1335 992 quod
1355 929 1583 975 haberet.
1632 929 1730 974 Fac

239 1002 388 1065 plane
413 1011 471 1051 ut
494 1004 677 1052 valeas.
746 1005 848 1052 Nos
873 1006 1126 1053 adsumus.
1195 1005 1336 1052 Vale.
1403 1022 1501 1052 xw.
1532 1004 1643 1051 Kal.

949 1222 1022 1269 XI

314 1363 370 1395 Μ.
407 1364 451 1395 Τ.
490 1366 551 1396 ΕΤ
585 1367 645 1407 C.,
680 1366 929 1397 TERENTIA
966 1367 1026 1397 ET
1059 1368 1251 1405 TULLIA,
1287 1368 1330 1404 Q.
1369 1367 1562 1397 FRATER
1597 1365 1659 1397 ET

697 1434 740 1470 Q.
779 1434 822 1464 F.
859 1435 896 1464 S.
934 1434 977 1465 P.
1016 1435 1062 1465 D.
1098 1435 1272 1465 TIRONI

708 1551 778 1591 Ad
806 1552 986 1599 Urbem,
1011 1567 1140 1592 A.U.C.
1164 1556 1259 1593 705.

193 1671 212 1710 1
305 1666 413 1712 Etsi
458 1671 892 1729 opportunitatem
941 1685 1124 1730 operae
1170 1676 1291 1715 tuae
1336 1669 1567 1715 omnibus
1611 1667 1728 1714 locis

240 1742 488 1797 desidero,
510 1751 682 1789 tamen
706 1762 805 1790 non
827 1752 933 1790 tam
955 1762 1087 1800 mea,
1110 1762 1261 1808 quam
1284 1753 1373 1791 tua
1393 1762 1542 1791 causa
1565 1744 1727 1798 doleo,

240 1826 292 1865 te
312 1836 410 1865 non
430 1820 611 1866 valere.
665 1820 763 1867 Sed
782 1838 895 1866 cum
914 1824 965 1867 in
983 1829 1284 1884 quartanam
1303 1839 1540 1869 conversa
1560 1825 1630 1866 vis
1650 1828 1726 1867 cst

239 1897 398 1942 morbi
434 1898 522 1959 (sic
557 1900 690 1943 enim
725 1899 896 1944 scribit
931 1898 1146 1960 Curius),
1180 1915 1326 1961 spero
1359 1906 1431 1953 te,
1464 1898 1727 1961 diligentia

241 1972 485 2028 adhibita,
517 1978 671 2020 etiam
705 1975 973 2021 firmiorem
1004 1974 1126 2022 fore.
1196 1975 1352 2023 Modo
1382 1974 1479 2030 fac,
1510 1976 1560 2022 id
1591 1975 1726 2037 quod

241 2057 319 2096 est
335 2049 665 2098 humanitatis
683 2059 821 2107 tuae,
838 2069 901 2098 ne
920 2053 1041 2115 quid
1058 2052 1193 2099 aliud
1209 2069 1352 2099 cures
1368 2051 1461 2099 hoc
1479 2059 1725 2114 tempore,

241 2129 332 2171 nisi
354 2134 410 2173 ut
429 2144 579 2190 quam
599 2129 1000 2175 commodissime
1019 2129 1351 2175 convalescas.
1405 2129 1516 2175 Non
1534 2132 1725 2191 ignoro,

240 2211 487 2265 quantum
507 2221 568 2250 ex
588 2205 837 2251 desiderio
854 2204 1068 2259 labores,
1085 2205 1175 2251 sed
1194 2212 1343 2251 erunt
1360 2209 1528 2251 omnia
1544 2203 1724 2257 facilia,

306 2328 322 2344 ⁰
355 2323 379 2337 ‘⁴
399 2322 510 2362 Cum
537 2322 585 2363 fit
611 2323 729 2374 quod
756 2323 961 2367 dicitur,''
990 2324 1014 2338 ‘⁸
1031 2324 1155 2363 when
1185 2323 1300 2364 what
1324 2325 1359 2363 is
1383 2323 1478 2364 said
1505 2325 1539 2363 is
1563 2321 1724 2363 done.'’

247 2375 354 2426 Rq).
389 2377 442 2416 iv.
474 2379 543 2416 ⁶21.
607 2376 693 2416 unt
727 2378 770 2416 in
806 2377 888 2427 Off,
922 2379 947 2416 i.
981 2380 1029 2416 ⁶21
1068 2377 1120 2417 he
1154 2379 1268 2417 fears
1302 2377 1375 2417 the
1408 2377 1649 2418 derivation
1689 2378 1724 2416 is

246 2430 419 2476 durius,
439 2430 466 2446 ‘¹
486 2444 511 2469 a
533 2429 641 2470 little
661 2429 770 2470 hard
793 2435 836 2470 to
857 2430 1094 2470 swallow.''

307 2483 322 2507 ⁶
353 2485 437 2530 i.e.‚
459 2484 484 2499 ‘⁴
506 2484 641 2535 ready
667 2488 712 2524 to
740 2484 793 2524 be
819 2485 956 2524 called
983 2484 1150 2536 upon‚'’
1176 2497 1203 2524 a
1228 2488 1340 2524 term
1363 2483 1591 2526 borrowed
1610 2484 1724 2525 from

246 2536 320 2578 the
339 2536 602 2579 law-courts.

251 2605 342 2648 338
