1868 3040
842 182 1092 230 CICERO

222 311 341 357 mihi
370 312 559 358 dictum
591 319 685 366 est,
714 311 806 357 hoc
834 312 967 358 idem
1003 329 1032 357 a
1068 319 1120 358 te
1159 311 1434 373 Regienses
1469 315 1706 374 impetra·

221 392 363 435 visse.
433 388 531 446 Qui
575 393 668 435 etsi
711 396 763 435 te
806 389 971 451 aliqua
1014 389 1386 434 necessitudine
1427 391 1706 452 attingunt,

219 472 392 512 tamen
423 473 540 512 tuus
573 483 711 512 arnor
742 469 792 511 in
822 482 904 511 me
936 482 1138 527 spei-are
1170 482 1251 511 nie
1284 468 1436 529 cogit,
1467 472 1539 521 te,
1570 465 1704 528 quod

219 546 316 587 tuis
344 546 632 588 necessariis
658 544 909 597 tribueris,
935 544 1067 589 idem
1096 559 1203 588 esse
1230 543 1537 589 tributurum
1562 545 1703 593 meis,

216 623 511 680 pracsertim
556 637 669 665 cuni
714 636 808 682 ego
851 637 939 681 pro
983 619 1056 665 liis
1100 623 1208 665 unis
1257 627 1448 682 petam,
1487 618 1701 665 habeam

217 703 407 750 autem,
446 700 529 758 qui
566 696 710 741 simili
748 713 897 742 causa
933 697 1181 751 laborent,
1217 697 1496 759 complures
1534 712 1702 742 neces-

214 776 382 819 sarios.
452 773 562 819 Hoc
594 790 674 818 nie
708 790 806 819 non
836 776 942 819 sine
967 791 1115 819 causa
1139 773 1323 828 facere,
1346 790 1513 836 neque
1537 773 1702 835 aliqua

214 848 308 894 levi
345 850 620 896 ambitione
656 858 964 896 commotum
1002 867 1031 896 a
1066 858 1118 896 te
1155 851 1482 906 contendere,
1518 854 1612 896 etsi
1648 857 1700 896 te

215 930 503 973 existimare
551 928 781 982 arbitror,
828 935 1002 973 tamen
1048 927 1169 973 mihi
1215 927 1482 973 affirmanti
1528 927 1702 973 credas

215 1003 380 1059 veliin,
406 1021 487 1050 me
514 1003 628 1050 huic
654 1008 923 1067 municipio
950 1005 1137 1051 debere
1163 1004 1432 1067 plurimum
1456 1019 1467 1059 3
1511 1003 1702 1050 nullum

215 1096 455 1143 uniquam
518 1080 670 1128 fuisse
734 1089 935 1144 tempus
999 1098 1166 1144 neque
1228 1081 1473 1128 honorum
1536 1097 1702 1144 neque

215 1156 442 1203 laborum
465 1175 710 1214 meorum,
731 1162 782 1204 in
806 1176 905 1221 quo
930 1176 1028 1205 non
1051 1158 1196 1204 huius
1220 1161 1456 1221 municipi
1479 1159 1702 1205 studium

165 1244 191 1282 5
214 1237 264 1280 in
298 1251 379 1280 me
416 1239 670 1282 exstiterit
702 1236 970 1298 singulare.
1040 1235 1363 1297 Quapropter
1397 1253 1425 1281 a
1459 1243 1512 1282 te
1547 1239 1700 1282 etiani

216 1318 370 1373 atque
399 1316 572 1367 etiam,
599 1329 687 1374 pro
715 1321 886 1360 nostra
911 1330 1107 1359 summa
1134 1316 1484 1360 coniunctione
1511 1329 1702 1375 proque

215 1395 305 1434 tua
323 1392 372 1434 in
391 1405 473 1434 ine
492 1397 741 1451 perpetua
761 1397 814 1436 et
833 1393 1052 1436 maxima
1071 1390 1444 1445 benevolentia,
1462 1393 1701 1435 maiorem

214 1468 265 1511 in
303 1466 508 1512 moduni
547 1474 669 1528 peto
709 1474 863 1529 atque
902 1468 1172 1521 contendo,
1211 1474 1285 1522 ut,
1324 1484 1437 1513 cum
1476 1467 1702 1513 fortunas

217 1545 297 1602 agi
332 1546 436 1588 eius
473 1546 711 1605 municipi
747 1543 1032 1606 intellegas,
1065 1544 1199 1606 quod
1233 1547 1297 1589 sit
1333 1543 1452 1589 mihi
1491 1546 1703 1589 necessi-

216 1620 411 1675 tudine,
466 1620 651 1675 officiis,
707 1620 1063 1666 benevolentia
1119 1623 1597 1676 coniunctissimum,
1652 1620 1703 1666 id

216 1695 335 1741 mihi
357 1697 444 1742 des
464 1712 475 1751 ;
513 1697 648 1759 quod
673 1701 768 1743 erit
792 1697 1093 1753 huiusmodi,
1113 1705 1187 1753 ut,
1207 1701 1245 1743 si
1267 1715 1295 1743 a
1316 1698 1549 1753 Caesare,
1569 1698 1703 1760 quod

214 1789 491 1834 speramus,
529 1778 920 1835 impetrariinus,
959 1782 1048 1821 tuo
1087 1775 1333 1820 beneficio
1373 1791 1461 1821 nos
1500 1775 1551 1821 id
1589 1791 1704 1820 con-

215 1857 414 1896 secutos
445 1867 552 1896 esse
582 1851 890 1906 iudice1nus3
925 1855 999 1896 sin
1029 1856 1210 1906 minus,
1240 1868 1329 1913 pro
1360 1868 1420 1897 eo
1449 1859 1623 1898 tamen
1653 1852 1703 1898 id

215 1925 509 1981 habeamus,
532 1944 644 1973 cum
669 1945 697 1973 a
720 1935 772 1974 te
796 1929 917 1974 data
940 1932 1004 1974 sit
1027 1944 1197 1990 opera,
1220 1935 1276 1974 ut
1300 1931 1700 1990 impetraremus.

219 2003 327 2049 Hoc
347 2020 458 2049 curn
481 2003 599 2049 niihi
619 2009 957 2067 gratissimum
979 2004 1173 2060 feceris,
1193 2012 1302 2051 turn
1323 2008 1450 2051 viros
1470 2009 1703 2066 optimos,

217 2078 443 2126 homines
496 2080 872 2127 honestissimos
927 2083 1234 2144 cosdemque
1287 2085 1596 2144 gratissimos
1652 2089 1703 2128 et

281 2265 298 2284 ⁰
331 2259 521 2311 Regium
553 2260 724 2312 Lepidi,
751 2275 777 2300 a
809 2262 982 2301 Roman
1012 2261 1170 2313 colony
1194 2275 1250 2301 on
1281 2261 1355 2302 the
1382 2261 1463 2302 Via
1492 2263 1701 2310 Aemilia,

222 2312 417 2353 between
445 2314 619 2354 Mutina
641 2315 727 2354 and
755 2316 925 2356 l'arnia.

285 2368 299 2390 ⁰
334 2368 382 2406 In
411 2368 535 2407 other
564 2369 718 2413 words,
748 2370 772 2385 ‘⁸
795 2372 831 2408 if
855 2385 916 2408 wc
943 2369 1094 2408 obtain
1123 2369 1240 2408 what.
1267 2383 1329 2409 we
1358 2369 1470 2421 hope
1497 2370 1564 2409 for
1587 2370 1701 2410 from

224 2419 399 2465 Cacsar,
432 2435 494 2460 wc
524 2422 634 2461 shall
664 2426 763 2472 give
794 2437 879 2474 you
912 2423 969 2462 all
1000 2423 1072 2462 the
1103 2422 1267 2468 credit:
1318 2423 1353 2462 if
1380 2428 1469 2469 not,
1501 2437 1563 2463 we
1592 2423 1702 2464 shall

225 2474 334 2514 have
355 2475 522 2514 instead
544 2476 616 2515 the
636 2477 834 2528 ple-asine
853 2479 903 2516 of
919 2476 1129 2527 knowing
1148 2477 1243 2516 that
1263 2490 1349 2527 you
1369 2476 1444 2517 did
1466 2490 1577 2528 your
1594 2477 1702 2525 best.

223 2529 309 2576 i.e.‚
333 2542 393 2568 we
414 2529 525 2568 shall
547 2530 599 2570 be
622 2530 828 2570 indebted
852 2536 895 2570 to
917 2544 1004 2581 you
1026 2533 1069 2570 in
1091 2531 1228 2570 either
1247 2530 1393 2571 case.'’

229 2598 287 2638 32
