<?xml version="1.0" encoding="UTF-8"?>
<!DOCTYPE html PUBLIC "-//W3C//DTD XHTML 1.0 Transitional//EN"
    "http://www.w3.org/TR/xhtml1/DTD/xhtml1-transitional.dtd">
<html xmlns="http://www.w3.org/1999/xhtml" xml:lang="en" lang="en">
 <head>
  <title>
</title>
<meta http-equiv="Content-Type" content="text/html;charset=utf-8" />
  <meta name='ocr-system' content='tesseract 3.04.00' />
  <meta name='ocr-capabilities' content='ocr_page ocr_carea ocr_par ocr_line ocrx_word'/>
</head>
<body>
  <div class='ocr_page' id='page_1' title='image "./letterstohisfrie03ciceuoft_0722.png"; bbox 0 0 1837 3029; ppageno 0'>
   <div class='ocr_carea' id='block_1_1' title="bbox 869 171 1123 219">
    <p class='ocr_par' dir='ltr' id='par_1_1' title="bbox 869 171 1123 219">
     <span class='ocr_line' id='line_1_1' title="bbox 869 171 1123 219; baseline 0.004 -1"><span class='ocrx_word' id='word_1_1' title='bbox 869 171 1123 219; x_wconf 88' lang='lat' dir='ltr'>CICERO</span> 
     </span>
    </p>
   </div>
   <div class='ocr_carea' id='block_1_2' title="bbox 199 299 1749 2102">
    <p class='ocr_par' dir='ltr' id='par_1_2' title="bbox 199 299 1749 2102">
     <span class='ocr_line' id='line_1_2' title="bbox 252 299 1749 363; baseline -0.001 -16"><span class='ocrx_word' id='word_1_2' title='bbox 252 317 341 363; x_wconf 91' lang='lat' dir='ltr'><strong>per</strong></span> <span class='ocrx_word' id='word_1_3' title='bbox 368 300 563 347; x_wconf 85' lang='lat' dir='ltr'>litteras</span> <span class='ocrx_word' id='word_1_4' title='bbox 597 300 906 363; x_wconf 81' lang='lat' dir='ltr'><strong>gravioribus</strong></span> <span class='ocrx_word' id='word_1_5' title='bbox 942 300 1104 347; x_wconf 91' lang='lat' dir='ltr'><strong>verbis</strong></span> <span class='ocrx_word' id='word_1_6' title='bbox 1133 315 1285 362; x_wconf 86' lang='lat' dir='ltr'><strong>quam</strong></span> <span class='ocrx_word' id='word_1_7' title='bbox 1319 306 1409 346; x_wconf 83' lang='lat' dir='ltr'><strong>tua</strong></span> <span class='ocrx_word' id='word_1_8' title='bbox 1435 299 1749 348; x_wconf 83' lang='lat' dir='ltr'><strong>consuetudo</strong></span> 
     </span>
     <span class='ocr_line' id='line_1_3' title="bbox 201 395 1748 460; baseline 0 -18"><span class='ocrx_word' id='word_1_9' title='bbox 201 403 226 442; x_wconf 88' lang='lat'>2</span> <span class='ocrx_word' id='word_1_10' title='bbox 250 395 465 444; x_wconf 80' lang='lat' dir='ltr'><strong>ferebat.</strong></span> <span class='ocrx_word' id='word_1_11' title='bbox 537 396 720 460; x_wconf 76' lang='lat' dir='ltr'><strong>Itaque</strong></span> <span class='ocrx_word' id='word_1_12' title='bbox 770 396 1009 443; x_wconf 88' lang='lat' dir='ltr'><strong>iudicium</strong></span> <span class='ocrx_word' id='word_1_13' title='bbox 1057 402 1204 442; x_wconf 82' lang='lat' dir='ltr'><strong>tuum</strong></span> <span class='ocrx_word' id='word_1_14' title='bbox 1254 398 1425 460; x_wconf 87' lang='lat' dir='ltr'><strong>magni</strong></span> <span class='ocrx_word' id='word_1_15' title='bbox 1475 399 1748 444; x_wconf 79' lang='lat' dir='ltr'><strong>aestimans</strong></span> 
     </span>
     <span class='ocr_line' id='line_1_4' title="bbox 251 492 1748 556; baseline -0.001 -16"><span class='ocrx_word' id='word_1_16' title='bbox 251 493 404 556; x_wconf 88' lang='lat' dir='ltr'><strong>idque</strong></span> <span class='ocrx_word' id='word_1_17' title='bbox 435 496 622 540; x_wconf 78' lang='lat' dir='ltr'><strong>veritus</strong></span> <span class='ocrx_word' id='word_1_18' title='bbox 653 509 735 539; x_wconf 87' lang='lat' dir='ltr'><strong>me</strong></span> <span class='ocrx_word' id='word_1_19' title='bbox 764 496 871 555; x_wconf 75' lang='lat' dir='ltr'><strong>ipse</strong></span> <span class='ocrx_word' id='word_1_20' title='bbox 901 492 1081 556; x_wconf 85' lang='lat' dir='ltr'>collegi</span> <span class='ocrx_word' id='word_1_21' title='bbox 1108 499 1162 539; x_wconf 80' lang='lat' dir='ltr'><strong>et</strong></span> <span class='ocrx_word' id='word_1_22' title='bbox 1191 509 1269 548; x_wconf 84' lang='lat' dir='ltr'><strong>ea,</strong></span> <span class='ocrx_word' id='word_1_23' title='bbox 1295 509 1427 556; x_wconf 87' lang='lat' dir='ltr'><strong>quae</strong></span> <span class='ocrx_word' id='word_1_24' title='bbox 1457 493 1748 548; x_wconf 87' lang='lat' dir='ltr'><strong>didiceram,</strong></span> 
     </span>
     <span class='ocr_line' id='line_1_5' title="bbox 252 588 1746 654; baseline 0 -19"><span class='ocrx_word' id='word_1_25' title='bbox 252 589 492 654; x_wconf 82' lang='lat' dir='ltr'>legeram,</span> <span class='ocrx_word' id='word_1_26' title='bbox 533 605 845 652; x_wconf 83' lang='lat' dir='ltr'><strong>acceperam,</strong></span> <span class='ocrx_word' id='word_1_27' title='bbox 885 592 1114 652; x_wconf 86' lang='lat' dir='ltr'><strong>graviora</strong></span> <span class='ocrx_word' id='word_1_28' title='bbox 1153 588 1274 635; x_wconf 88' lang='lat' dir='ltr'><strong>duxi</strong></span> <span class='ocrx_word' id='word_1_29' title='bbox 1313 596 1404 636; x_wconf 82' lang='lat' dir='ltr'><strong>tua</strong></span> <span class='ocrx_word' id='word_1_30' title='bbox 1443 593 1746 636; x_wconf 82' lang='lat' dir='ltr'><strong>auctoritate</strong></span> 
     </span>
     <span class='ocr_line' id='line_1_6' title="bbox 251 685 1748 742; baseline 0.001 -10"><span class='ocrx_word' id='word_1_31' title='bbox 251 686 440 733; x_wconf 80' lang='lat' dir='ltr'><strong>addita.</strong></span> <span class='ocrx_word' id='word_1_32' title='bbox 511 686 586 733; x_wconf 89' lang='lat' dir='ltr'><strong>Ac</strong></span> <span class='ocrx_word' id='word_1_33' title='bbox 621 685 744 732; x_wconf 90' lang='lat' dir='ltr'><strong>mihi</strong></span> <span class='ocrx_word' id='word_1_34' title='bbox 779 692 908 741; x_wconf 79' lang='lat' dir='ltr'><strong>tum,</strong></span> <span class='ocrx_word' id='word_1_35' title='bbox 945 685 1120 742; x_wconf 82' lang='lat' dir='ltr'><strong>Brute,</strong></span> <span class='ocrx_word' id='word_1_36' title='bbox 1156 686 1314 733; x_wconf 86' lang='lat' dir='ltr'>officio</span> <span class='ocrx_word' id='word_1_37' title='bbox 1351 685 1512 733; x_wconf 83' lang='lat' dir='ltr'><strong>solum</strong></span> <span class='ocrx_word' id='word_1_38' title='bbox 1548 692 1659 733; x_wconf 76' lang='lat' dir='ltr'><strong>erat</strong></span> <span class='ocrx_word' id='word_1_39' title='bbox 1693 692 1748 733; x_wconf 81' lang='lat' dir='ltr'><strong>et</strong></span> 
     </span>
     <span class='ocr_line' id='line_1_7' title="bbox 251 782 1748 845; baseline -0.001 -16"><span class='ocrx_word' id='word_1_40' title='bbox 251 789 481 838; x_wconf 78' lang='lat' dir='ltr'><strong>naturae,</strong></span> <span class='ocrx_word' id='word_1_41' title='bbox 506 783 598 829; x_wconf 81' lang='lat' dir='ltr'>tibi</span> <span class='ocrx_word' id='word_1_42' title='bbox 624 798 756 828; x_wconf 90' lang='lat' dir='ltr'><strong>nunc</strong></span> <span class='ocrx_word' id='word_1_43' title='bbox 780 782 966 845; x_wconf 85' lang='lat' dir='ltr'><strong>populo</strong></span> <span class='ocrx_word' id='word_1_44' title='bbox 991 789 1044 828; x_wconf 84' lang='lat' dir='ltr'><strong>et</strong></span> <span class='ocrx_word' id='word_1_45' title='bbox 1068 798 1267 838; x_wconf 82' lang='lat' dir='ltr'>scenae,</span> <span class='ocrx_word' id='word_1_46' title='bbox 1293 789 1350 828; x_wconf 79' lang='lat' dir='ltr'><strong>ut</strong></span> <span class='ocrx_word' id='word_1_47' title='bbox 1375 782 1573 839; x_wconf 78' lang='lat' dir='ltr'><strong>dicitur,</strong></span> <span class='ocrx_word' id='word_1_48' title='bbox 1597 785 1748 830; x_wconf 88' lang='lat' dir='ltr'><strong>servi-</strong></span> 
     </span>
     <span class='ocr_line' id='line_1_8' title="bbox 252 878 1747 935; baseline -0.001 -9"><span class='ocrx_word' id='word_1_49' title='bbox 252 879 442 926; x_wconf 90' lang='lat' dir='ltr'><strong>endum</strong></span> <span class='ocrx_word' id='word_1_50' title='bbox 465 886 544 927; x_wconf 77' lang='lat' dir='ltr'><strong>est</strong></span> <span class='ocrx_word' id='word_1_51' title='bbox 567 894 578 935; x_wconf 89' lang='lat'><strong>;</strong></span> <span class='ocrx_word' id='word_1_52' title='bbox 621 895 756 934; x_wconf 88' lang='lat' dir='ltr'><strong>nam,</strong></span> <span class='ocrx_word' id='word_1_53' title='bbox 780 896 894 925; x_wconf 89' lang='lat' dir='ltr'><strong>cum</strong></span> <span class='ocrx_word' id='word_1_54' title='bbox 918 882 968 925; x_wconf 86' lang='lat' dir='ltr'><strong>in</strong></span> <span class='ocrx_word' id='word_1_55' title='bbox 992 885 1045 925; x_wconf 81' lang='lat' dir='ltr'><strong>te</strong></span> <span class='ocrx_word' id='word_1_56' title='bbox 1070 895 1171 925; x_wconf 89' lang='lat' dir='ltr'><strong>non</strong></span> <span class='ocrx_word' id='word_1_57' title='bbox 1194 878 1355 925; x_wconf 89' lang='lat' dir='ltr'><strong>solum</strong></span> <span class='ocrx_word' id='word_1_58' title='bbox 1380 882 1630 927; x_wconf 81' lang='lat' dir='ltr'><strong>exercitus</strong></span> <span class='ocrx_word' id='word_1_59' title='bbox 1654 881 1747 935; x_wconf 81' lang='lat' dir='ltr'><strong>tui,</strong></span> 
     </span>
     <span class='ocr_line' id='line_1_9' title="bbox 250 975 1747 1037; baseline -0.001 -14"><span class='ocrx_word' id='word_1_60' title='bbox 250 975 340 1023; x_wconf 89' lang='lat' dir='ltr'><strong>sed</strong></span> <span class='ocrx_word' id='word_1_61' title='bbox 369 978 593 1023; x_wconf 90' lang='lat' dir='ltr'><strong>omnium</strong></span> <span class='ocrx_word' id='word_1_62' title='bbox 623 979 805 1022; x_wconf 88' lang='lat' dir='ltr'><strong>civium</strong></span> <span class='ocrx_word' id='word_1_63' title='bbox 835 992 891 1022; x_wconf 88' lang='lat' dir='ltr'><strong>ac</strong></span> <span class='ocrx_word' id='word_1_64' title='bbox 921 992 1084 1037; x_wconf 87' lang='lat' dir='ltr'><strong>paene</strong></span> <span class='ocrx_word' id='word_1_65' title='bbox 1114 978 1347 1037; x_wconf 84' lang='lat' dir='ltr'><strong>gentium</strong></span> <span class='ocrx_word' id='word_1_66' title='bbox 1375 978 1589 1022; x_wconf 86' lang='lat' dir='ltr'><strong>coniecti</strong></span> <span class='ocrx_word' id='word_1_67' title='bbox 1618 975 1747 1023; x_wconf 90' lang='lat' dir='ltr'><strong>oculi</strong></span> 
     </span>
     <span class='ocr_line' id='line_1_10' title="bbox 251 1071 1746 1134; baseline 0 -15"><span class='ocrx_word' id='word_1_68' title='bbox 251 1075 369 1128; x_wconf 78' lang='lat' dir='ltr'><strong>sint,</strong></span> <span class='ocrx_word' id='word_1_69' title='bbox 411 1076 617 1119; x_wconf 86' lang='lat' dir='ltr'><strong>minime</strong></span> <span class='ocrx_word' id='word_1_70' title='bbox 661 1072 828 1127; x_wconf 73' lang='lat' dir='ltr'><strong>decet,</strong></span> <span class='ocrx_word' id='word_1_71' title='bbox 872 1079 1078 1134; x_wconf 77' lang='lat' dir='ltr'><strong>propter</strong></span> <span class='ocrx_word' id='word_1_72' title='bbox 1121 1088 1273 1134; x_wconf 88' lang='lat' dir='ltr'><strong>quem</strong></span> <span class='ocrx_word' id='word_1_73' title='bbox 1316 1071 1546 1119; x_wconf 74' lang='lat' dir='ltr'><strong>fortiores</strong></span> <span class='ocrx_word' id='word_1_74' title='bbox 1589 1074 1746 1119; x_wconf 83' lang='lat' dir='ltr'><strong>ceteri</strong></span> 
     </span>
     <span class='ocr_line' id='line_1_11' title="bbox 249 1168 1745 1232; baseline -0.001 -16"><span class='ocrx_word' id='word_1_75' title='bbox 249 1186 438 1225; x_wconf 90' lang='lat' dir='ltr'><strong>sumus,</strong></span> <span class='ocrx_word' id='word_1_76' title='bbox 465 1186 580 1216; x_wconf 91' lang='lat' dir='ltr'><strong>eum</strong></span> <span class='ocrx_word' id='word_1_77' title='bbox 606 1172 770 1232; x_wconf 87' lang='lat' dir='ltr'><strong>ipsum</strong></span> <span class='ocrx_word' id='word_1_78' title='bbox 796 1172 962 1215; x_wconf 85' lang='lat' dir='ltr'><strong>animo</strong></span> <span class='ocrx_word' id='word_1_79' title='bbox 989 1168 1311 1215; x_wconf 78' lang='lat' dir='ltr'><strong>debilitatum</strong></span> <span class='ocrx_word' id='word_1_80' title='bbox 1337 1169 1508 1216; x_wconf 72' lang='lat' dir='ltr'><strong>videri.</strong></span> <span class='ocrx_word' id='word_1_81' title='bbox 1579 1168 1745 1227; x_wconf 83' lang='lat' dir='ltr'><strong>Quam</strong></span> 
     </span>
     <span class='ocr_line' id='line_1_12' title="bbox 249 1264 1744 1328; baseline -0.001 -15"><span class='ocrx_word' id='word_1_82' title='bbox 249 1267 313 1313; x_wconf 93' lang='lat' dir='ltr'><strong>ob</strong></span> <span class='ocrx_word' id='word_1_83' title='bbox 343 1282 451 1313; x_wconf 90' lang='lat' dir='ltr'><strong>rem</strong></span> <span class='ocrx_word' id='word_1_84' title='bbox 482 1268 721 1328; x_wconf 70' lang='lat' dir='ltr'><strong>accepisti</strong></span> <span class='ocrx_word' id='word_1_85' title='bbox 751 1272 808 1311; x_wconf 78' lang='lat' dir='ltr'><strong>tu</strong></span> <span class='ocrx_word' id='word_1_86' title='bbox 841 1265 1047 1328; x_wconf 90' lang='lat' dir='ltr'><strong>quidem</strong></span> <span class='ocrx_word' id='word_1_87' title='bbox 1078 1264 1422 1312; x_wconf 85' lang='lat' dir='ltr'><strong>dolorem—id</strong></span> <span class='ocrx_word' id='word_1_88' title='bbox 1454 1269 1588 1312; x_wconf 89' lang='lat' dir='ltr'><strong>enim</strong></span> <span class='ocrx_word' id='word_1_89' title='bbox 1621 1268 1744 1312; x_wconf 89' lang='lat' dir='ltr'><strong>ami-</strong></span> 
     </span>
     <span class='ocr_line' id='line_1_13' title="bbox 250 1360 1744 1419; baseline -0.001 -9"><span class='ocrx_word' id='word_1_90' title='bbox 250 1365 375 1419; x_wconf 81' lang='lat' dir='ltr'><strong>sisti,</strong></span> <span class='ocrx_word' id='word_1_91' title='bbox 403 1365 482 1409; x_wconf 92' lang='lat' dir='ltr'><strong>cui</strong></span> <span class='ocrx_word' id='word_1_92' title='bbox 510 1362 669 1409; x_wconf 90' lang='lat' dir='ltr'><strong>simile</strong></span> <span class='ocrx_word' id='word_1_93' title='bbox 699 1364 749 1408; x_wconf 89' lang='lat' dir='ltr'><strong>in</strong></span> <span class='ocrx_word' id='word_1_94' title='bbox 778 1365 923 1408; x_wconf 77' lang='lat' dir='ltr'><strong>&#39;terris</strong></span> <span class='ocrx_word' id='word_1_95' title='bbox 952 1361 1072 1408; x_wconf 88' lang='lat' dir='ltr'>nihil</span> <span class='ocrx_word' id='word_1_96' title='bbox 1101 1360 1337 1416; x_wconf 78' lang='lat' dir='ltr'><strong>fuit‚—et</strong></span> <span class='ocrx_word' id='word_1_97' title='bbox 1366 1369 1443 1409; x_wconf 81' lang='lat' dir='ltr'><strong>est</strong></span> <span class='ocrx_word' id='word_1_98' title='bbox 1471 1362 1744 1409; x_wconf 88' lang='lat' dir='ltr'><strong>dolendum</strong></span> 
     </span>
     <span class='ocr_line' id='line_1_14' title="bbox 250 1458 1744 1524; baseline -0.001 -18"><span class='ocrx_word' id='word_1_99' title='bbox 250 1463 300 1506; x_wconf 91' lang='lat' dir='ltr'><strong>in</strong></span> <span class='ocrx_word' id='word_1_100' title='bbox 325 1467 431 1506; x_wconf 75' lang='lat' dir='ltr'><strong>tam</strong></span> <span class='ocrx_word' id='word_1_101' title='bbox 456 1462 596 1524; x_wconf 80' lang='lat' dir='ltr'><strong>gravi</strong></span> <span class='ocrx_word' id='word_1_102' title='bbox 622 1458 844 1514; x_wconf 83' lang='lat' dir='ltr'><strong>vulnere,</strong></span> <span class='ocrx_word' id='word_1_103' title='bbox 870 1475 933 1505; x_wconf 91' lang='lat' dir='ltr'><strong>ne</strong></span> <span class='ocrx_word' id='word_1_104' title='bbox 958 1458 1010 1505; x_wconf 93' lang='lat' dir='ltr'><strong>id</strong></span> <span class='ocrx_word' id='word_1_105' title='bbox 1033 1461 1215 1520; x_wconf 87' lang='lat' dir='ltr'><strong>ipsum,</strong></span> <span class='ocrx_word' id='word_1_106' title='bbox 1240 1475 1409 1505; x_wconf 85' lang='lat' dir='ltr'><strong>carere</strong></span> <span class='ocrx_word' id='word_1_107' title='bbox 1436 1462 1569 1506; x_wconf 85' lang='lat' dir='ltr'><strong>omni</strong></span> <span class='ocrx_word' id='word_1_108' title='bbox 1595 1476 1744 1505; x_wconf 85' lang='lat' dir='ltr'><strong>sensu</strong></span> 
     </span>
     <span class='ocr_line' id='line_1_15' title="bbox 250 1554 1744 1618; baseline -0.001 -15"><span class='ocrx_word' id='word_1_109' title='bbox 250 1556 449 1613; x_wconf 87' lang='lat' dir='ltr'><strong>doloris,</strong></span> <span class='ocrx_word' id='word_1_110' title='bbox 468 1559 534 1604; x_wconf 80' lang='lat' dir='ltr'><strong>sit</strong></span> <span class='ocrx_word' id='word_1_111' title='bbox 559 1559 786 1603; x_wconf 87' lang='lat' dir='ltr'><strong>miserius</strong></span> <span class='ocrx_word' id='word_1_112' title='bbox 813 1572 967 1618; x_wconf 87' lang='lat' dir='ltr'><strong>quam</strong></span> <span class='ocrx_word' id='word_1_113' title='bbox 987 1554 1184 1610; x_wconf 83' lang='lat' dir='ltr'><strong>dolcre3</strong></span> <span class='ocrx_word' id='word_1_114' title='bbox 1223 1555 1330 1610; x_wconf 91' lang='lat' dir='ltr'><strong>sed,</strong></span> <span class='ocrx_word' id='word_1_115' title='bbox 1351 1562 1408 1602; x_wconf 85' lang='lat' dir='ltr'><strong>ut</strong></span> <span class='ocrx_word' id='word_1_116' title='bbox 1433 1555 1646 1611; x_wconf 90' lang='lat' dir='ltr'><strong>modice,</strong></span> <span class='ocrx_word' id='word_1_117' title='bbox 1665 1572 1744 1602; x_wconf 91' lang='lat' dir='ltr'><strong>ce-</strong></span> 
     </span>
     <span class='ocr_line' id='line_1_16' title="bbox 199 1650 1742 1714; baseline -0.001 -14"><span class='ocrx_word' id='word_1_118' title='bbox 199 1660 225 1701; x_wconf 83' lang='lat'><strong>3</strong></span> <span class='ocrx_word' id='word_1_119' title='bbox 248 1656 368 1700; x_wconf 78' lang='lat' dir='ltr'><strong>teris</strong></span> <span class='ocrx_word' id='word_1_120' title='bbox 398 1653 520 1700; x_wconf 77' lang='lat' dir='ltr'><strong>utile</strong></span> <span class='ocrx_word' id='word_1_121' title='bbox 541 1659 636 1707; x_wconf 70' lang='lat' dir='ltr'><strong>est,</strong></span> <span class='ocrx_word' id='word_1_122' title='bbox 658 1653 747 1698; x_wconf 76' lang='lat' dir='ltr'>tibi</span> <span class='ocrx_word' id='word_1_123' title='bbox 777 1668 982 1698; x_wconf 89' lang='lat' dir='ltr'><strong>necesse</strong></span> <span class='ocrx_word' id='word_1_124' title='bbox 1005 1658 1098 1698; x_wconf 79' lang='lat' dir='ltr'><strong>est.</strong></span> <span class='ocrx_word' id='word_1_125' title='bbox 1163 1650 1443 1699; x_wconf 87' lang='lat' dir='ltr'><strong>Scriberem</strong></span> <span class='ocrx_word' id='word_1_126' title='bbox 1468 1651 1629 1714; x_wconf 87' lang='lat' dir='ltr'><strong>plura,</strong></span> <span class='ocrx_word' id='word_1_127' title='bbox 1649 1655 1742 1699; x_wconf 87' lang='lat' dir='ltr'><strong>nisi</strong></span> 
     </span>
     <span class='ocr_line' id='line_1_17' title="bbox 249 1748 1742 1811; baseline -0.001 -14"><span class='ocrx_word' id='word_1_128' title='bbox 249 1750 314 1797; x_wconf 88' lang='lat' dir='ltr'><strong>ad</strong></span> <span class='ocrx_word' id='word_1_129' title='bbox 346 1757 399 1797; x_wconf 81' lang='lat' dir='ltr'><strong>te</strong></span> <span class='ocrx_word' id='word_1_130' title='bbox 433 1749 558 1796; x_wconf 88' lang='lat' dir='ltr'><strong>haec</strong></span> <span class='ocrx_word' id='word_1_131' title='bbox 592 1752 699 1811; x_wconf 85' lang='lat' dir='ltr'><strong>ipsa</strong></span> <span class='ocrx_word' id='word_1_132' title='bbox 732 1752 877 1795; x_wconf 88' lang='lat' dir='ltr'><strong>nimis</strong></span> <span class='ocrx_word' id='word_1_133' title='bbox 908 1748 1070 1794; x_wconf 75' lang='lat' dir='ltr'><strong>multa</strong></span> <span class='ocrx_word' id='word_1_134' title='bbox 1101 1755 1285 1795; x_wconf 78' lang='lat' dir='ltr'><strong>essent.</strong></span> <span class='ocrx_word' id='word_1_135' title='bbox 1355 1748 1457 1796; x_wconf 91' lang='lat' dir='ltr'><strong>Nos</strong></span> <span class='ocrx_word' id='word_1_136' title='bbox 1489 1755 1541 1795; x_wconf 83' lang='lat' dir='ltr'><strong>te</strong></span> <span class='ocrx_word' id='word_1_137' title='bbox 1575 1755 1742 1796; x_wconf 82' lang='lat' dir='ltr'><strong>tuum-</strong></span> 
     </span>
     <span class='ocr_line' id='line_1_18' title="bbox 249 1845 1744 1910; baseline -0.001 -16"><span class='ocrx_word' id='word_1_138' title='bbox 249 1863 348 1910; x_wconf 90' lang='lat' dir='ltr'><strong>que</strong></span> <span class='ocrx_word' id='word_1_139' title='bbox 396 1849 676 1893; x_wconf 82' lang='lat' dir='ltr'><strong>exerci’tum</strong></span> <span class='ocrx_word' id='word_1_140' title='bbox 720 1852 1092 1908; x_wconf 79' lang='lat' dir='ltr'><strong>exspectamus,</strong></span> <span class='ocrx_word' id='word_1_141' title='bbox 1135 1848 1241 1892; x_wconf 92' lang='lat' dir='ltr'><strong>sine</strong></span> <span class='ocrx_word' id='word_1_142' title='bbox 1285 1862 1402 1908; x_wconf 92' lang='lat' dir='ltr'><strong>quo,</strong></span> <span class='ocrx_word' id='word_1_143' title='bbox 1445 1852 1503 1892; x_wconf 79' lang='lat' dir='ltr'><strong>ut</strong></span> <span class='ocrx_word' id='word_1_144' title='bbox 1548 1845 1744 1909; x_wconf 85' lang='lat' dir='ltr'><strong>reliqua</strong></span> 
     </span>
     <span class='ocr_line' id='line_1_19' title="bbox 249 1941 1738 1997; baseline 0 -8"><span class='ocrx_word' id='word_1_145' title='bbox 249 1961 310 1990; x_wconf 82' lang='lat' dir='ltr'><strong>ex</strong></span> <span class='ocrx_word' id='word_1_146' title='bbox 338 1945 594 1990; x_wconf 80' lang='lat' dir='ltr'><strong>sententia</strong></span> <span class='ocrx_word' id='word_1_147' title='bbox 620 1941 911 1997; x_wconf 71' lang='lat' dir='ltr'><strong>succedant,</strong></span> <span class='ocrx_word' id='word_1_148' title='bbox 938 1944 1019 1988; x_wconf 84' lang='lat' dir='ltr'><strong>vix</strong></span> <span class='ocrx_word' id='word_1_149' title='bbox 1046 1944 1166 1988; x_wconf 74' lang='lat' dir='ltr'><strong>satis</strong></span> <span class='ocrx_word' id='word_1_150' title='bbox 1194 1941 1335 1988; x_wconf 80' lang='lat' dir='ltr'><strong>liberi</strong></span> <span class='ocrx_word' id='word_1_151' title='bbox 1364 1941 1592 1988; x_wconf 76' lang='lat' dir='ltr'><strong>videmur</strong></span> <span class='ocrx_word' id='word_1_152' title='bbox 1616 1941 1738 1990; x_wconf 85' lang='lat' dir='ltr'><strong>fore.</strong></span> 
     </span>
     <span class='ocr_line' id='line_1_20' title="bbox 250 2038 1740 2102; baseline 0 -15"><span class='ocrx_word' id='word_1_153' title='bbox 250 2041 328 2088; x_wconf 90' lang='lat' dir='ltr'><strong>De</strong></span> <span class='ocrx_word' id='word_1_154' title='bbox 370 2047 482 2088; x_wconf 66' lang='lat' dir='ltr'><strong>tota</strong></span> <span class='ocrx_word' id='word_1_155' title='bbox 521 2056 574 2086; x_wconf 88' lang='lat' dir='ltr'><strong>re</strong></span> <span class='ocrx_word' id='word_1_156' title='bbox 615 2039 816 2102; x_wconf 86' lang='lat' dir='ltr'><strong>publica</strong></span> <span class='ocrx_word' id='word_1_157' title='bbox 856 2038 999 2101; x_wconf 87' lang='lat' dir='ltr'><strong>plura</strong></span> <span class='ocrx_word' id='word_1_158' title='bbox 1039 2039 1251 2085; x_wconf 86' lang='lat' dir='ltr'><strong>scribam</strong></span> <span class='ocrx_word' id='word_1_159' title='bbox 1294 2045 1347 2085; x_wconf 82' lang='lat' dir='ltr'><strong>et</strong></span> <span class='ocrx_word' id='word_1_160' title='bbox 1387 2038 1599 2086; x_wconf 82' lang='lat' dir='ltr'><strong>fortasse</strong></span> <span class='ocrx_word' id='word_1_161' title='bbox 1640 2042 1740 2087; x_wconf 86' lang='lat' dir='ltr'><strong>iam</strong></span> 
     </span>
    </p>
   </div>
   <div class='ocr_carea' id='block_1_3' title="bbox 246 2134 1738 2200">
    <p class='ocr_par' dir='ltr' id='par_1_3' title="bbox 246 2134 1738 2200">
     <span class='ocr_line' id='line_1_21' title="bbox 246 2134 1738 2200; baseline -0.001 -16"><span class='ocrx_word' id='word_1_162' title='bbox 246 2139 460 2184; x_wconf 81' lang='lat' dir='ltr'><strong>certiora</strong></span> <span class='ocrx_word' id='word_1_163' title='bbox 497 2138 556 2184; x_wconf 86' lang='lat' dir='ltr'><strong>iis</strong></span> <span class='ocrx_word' id='word_1_164' title='bbox 605 2136 802 2191; x_wconf 81' lang='lat' dir='ltr'><strong>litteris,</strong></span> <span class='ocrx_word' id='word_1_165' title='bbox 845 2152 968 2199; x_wconf 86' lang='lat' dir='ltr'><strong>quas</strong></span> <span class='ocrx_word' id='word_1_166' title='bbox 1017 2134 1191 2182; x_wconf 82' lang='lat' dir='ltr'><strong>Veteri</strong></span> <span class='ocrx_word' id='word_1_167' title='bbox 1233 2142 1403 2182; x_wconf 84' lang='lat' dir='ltr'><strong>nostro</strong></span> <span class='ocrx_word' id='word_1_168' title='bbox 1451 2136 1738 2200; x_wconf 84' lang='lat' dir='ltr'><strong>cogitabam</strong></span> 
     </span>
    </p>
   </div>
   <div class='ocr_carea' id='block_1_4' title="bbox 248 2234 387 2282">
    <p class='ocr_par' dir='ltr' id='par_1_4' title="bbox 248 2234 387 2282">
     <span class='ocr_line' id='line_1_22' title="bbox 248 2234 387 2282; baseline -0.007 0"><span class='ocrx_word' id='word_1_169' title='bbox 248 2234 387 2282; x_wconf 89' lang='lat' dir='ltr'><strong>dare.</strong></span> 
     </span>
    </p>
   </div>
   <div class='ocr_carea' id='block_1_5' title="bbox 244 2589 338 2640">
    <p class='ocr_par' dir='ltr' id='par_1_5' title="bbox 244 2589 338 2640">
     <span class='ocr_line' id='line_1_23' title="bbox 244 2589 338 2640; baseline 0 -7"><span class='ocrx_word' id='word_1_170' title='bbox 244 2589 338 2640; x_wconf 86' lang='lat'><strong>690</strong></span> 
     </span>
    </p>
   </div>
  </div>
 </body>
</html>
