<?xml version="1.0" encoding="UTF-8"?>
<!DOCTYPE html PUBLIC "-//W3C//DTD XHTML 1.0 Transitional//EN"
    "http://www.w3.org/TR/xhtml1/DTD/xhtml1-transitional.dtd">
<html xmlns="http://www.w3.org/1999/xhtml" xml:lang="en" lang="en">
 <head>
  <title>
</title>
<meta http-equiv="Content-Type" content="text/html;charset=utf-8" />
  <meta name='ocr-system' content='tesseract 3.04.00' />
  <meta name='ocr-capabilities' content='ocr_page ocr_carea ocr_par ocr_line ocrx_word'/>
</head>
<body>
  <div class='ocr_page' id='page_1' title='image "./letterstohisfrie03ciceuoft_0360.png"; bbox 0 0 1837 3029; ppageno 0'>
   <div class='ocr_carea' id='block_1_1' title="bbox 870 201 1119 248">
    <p class='ocr_par' dir='ltr' id='par_1_1' title="bbox 870 201 1119 248">
     <span class='ocr_line' id='line_1_1' title="bbox 870 201 1119 248; baseline 0 0"><span class='ocrx_word' id='word_1_1' title='bbox 870 201 1119 248; x_wconf 79' lang='lat' dir='ltr'><strong>CICERO</strong></span> 
     </span>
    </p>
   </div>
   <div class='ocr_carea' id='block_1_2' title="bbox 249 329 1733 395">
    <p class='ocr_par' dir='ltr' id='par_1_2' title="bbox 249 329 1733 395">
     <span class='ocr_line' id='line_1_2' title="bbox 249 329 1733 395; baseline 0.003 -20"><span class='ocrx_word' id='word_1_2' title='bbox 249 329 415 376; x_wconf 76' lang='lat' dir='ltr'>valeas</span> <span class='ocrx_word' id='word_1_3' title='bbox 440 345 450 385; x_wconf 92' lang='lat'>;</span> <span class='ocrx_word' id='word_1_4' title='bbox 484 338 654 377; x_wconf 82' lang='lat' dir='ltr'>cetera</span> <span class='ocrx_word' id='word_1_5' title='bbox 680 348 774 391; x_wconf 66' lang='lat' dir='ltr'>ego</span> <span class='ocrx_word' id='word_1_6' title='bbox 797 332 998 378; x_wconf 79' lang='lat' dir='ltr'>curabo.</span> <span class='ocrx_word' id='word_1_7' title='bbox 1056 332 1223 378; x_wconf 78' lang='lat' dir='ltr'>Etiam</span> <span class='ocrx_word' id='word_1_8' title='bbox 1250 339 1405 395; x_wconf 79' lang='lat' dir='ltr'>atque</span> <span class='ocrx_word' id='word_1_9' title='bbox 1429 336 1584 380; x_wconf 85' lang='lat' dir='ltr'>etiam</span> <span class='ocrx_word' id='word_1_10' title='bbox 1610 332 1733 379; x_wconf 85' lang='lat' dir='ltr'>vale.</span> 
     </span>
    </p>
   </div>
   <div class='ocr_carea' id='block_1_3' title="bbox 249 427 1396 491">
    <p class='ocr_par' dir='ltr' id='par_1_3' title="bbox 249 427 1396 491">
     <span class='ocr_line' id='line_1_3' title="bbox 249 427 1396 491; baseline 0.003 -17"><span class='ocrx_word' id='word_1_11' title='bbox 249 427 484 476; x_wconf 87' lang='lat' dir='ltr'>Leucade</span> <span class='ocrx_word' id='word_1_12' title='bbox 509 429 843 491; x_wconf 78' lang='lat' dir='ltr'>proficiscens,</span> <span class='ocrx_word' id='word_1_13' title='bbox 866 446 953 476; x_wconf 81' lang='lat' dir='ltr'>vn.</span> <span class='ocrx_word' id='word_1_14' title='bbox 981 429 1099 477; x_wconf 89' lang='lat' dir='ltr'>Idus</span> <span class='ocrx_word' id='word_1_15' title='bbox 1125 430 1396 478; x_wconf 87' lang='lat' dir='ltr'>Novembr.</span> 
     </span>
    </p>
   </div>
   <div class='ocr_carea' id='block_1_4' title="bbox 946 733 1018 782">
    <p class='ocr_par' dir='ltr' id='par_1_4' title="bbox 946 733 1018 782">
     <span class='ocr_line' id='line_1_4' title="bbox 946 733 1018 782; baseline 0 0"><span class='ocrx_word' id='word_1_16' title='bbox 946 733 1018 782; x_wconf 89' lang='lat' dir='ltr'>VI</span> 
     </span>
    </p>
   </div>
   <div class='ocr_carea' id='block_1_5' title="bbox 246 885 1732 928">
    <p class='ocr_par' dir='ltr' id='par_1_5' title="bbox 246 885 1732 928">
     <span class='ocr_line' id='line_1_5' title="bbox 246 885 1732 928; baseline 0.001 -10"><span class='ocrx_word' id='word_1_17' title='bbox 246 885 302 919; x_wconf 83' lang='lat' dir='ltr'>M.</span> <span class='ocrx_word' id='word_1_18' title='bbox 332 888 535 921; x_wconf 89' lang='lat' dir='ltr'>TULLIUS</span> <span class='ocrx_word' id='word_1_19' title='bbox 565 890 655 921; x_wconf 81' lang='lat' dir='ltr'>c1C.</span> <span class='ocrx_word' id='word_1_20' title='bbox 687 890 844 921; x_wconf 75' lang='lat' dir='ltr'>PATER</span> <span class='ocrx_word' id='word_1_21' title='bbox 877 892 937 921; x_wconf 82' lang='lat' dir='ltr'>ET</span> <span class='ocrx_word' id='word_1_22' title='bbox 966 892 1059 922; x_wconf 82' lang='lat' dir='ltr'><strong>FIL.</strong></span> <span class='ocrx_word' id='word_1_23' title='bbox 1092 892 1153 922; x_wconf 86' lang='lat' dir='ltr'>ET</span> <span class='ocrx_word' id='word_1_24' title='bbox 1182 892 1226 928; x_wconf 88' lang='lat' dir='ltr'>Q.</span> <span class='ocrx_word' id='word_1_25' title='bbox 1257 892 1301 928; x_wconf 86' lang='lat' dir='ltr'>Q.</span> <span class='ocrx_word' id='word_1_26' title='bbox 1333 892 1369 922; x_wconf 89' lang='lat' dir='ltr'>S.</span> <span class='ocrx_word' id='word_1_27' title='bbox 1403 892 1448 923; x_wconf 89' lang='lat' dir='ltr'>P.</span> <span class='ocrx_word' id='word_1_28' title='bbox 1478 891 1525 922; x_wconf 89' lang='lat' dir='ltr'>D.</span> <span class='ocrx_word' id='word_1_29' title='bbox 1558 888 1732 921; x_wconf 79' lang='lat' dir='ltr'>TIRONI</span> 
     </span>
    </p>
   </div>
   <div class='ocr_carea' id='block_1_6' title="bbox 797 1018 1184 1066">
    <p class='ocr_par' dir='ltr' id='par_1_6' title="bbox 797 1018 1184 1066">
     <span class='ocr_line' id='line_1_6' title="bbox 797 1018 1184 1066; baseline 0.003 -7"><span class='ocrx_word' id='word_1_30' title='bbox 797 1018 912 1066; x_wconf 79' lang='lat' dir='ltr'>Acti,</span> <span class='ocrx_word' id='word_1_31' title='bbox 934 1033 1065 1060; x_wconf 80' lang='lat' dir='ltr'><strong>A.U.C.</strong></span> <span class='ocrx_word' id='word_1_32' title='bbox 1087 1022 1184 1060; x_wconf 80' lang='lat'>704.</span> 
     </span>
    </p>
   </div>
   <div class='ocr_carea' id='block_1_7' title="bbox 199 1141 1731 2282">
    <p class='ocr_par' dir='ltr' id='par_1_7' title="bbox 199 1141 1731 1794">
     <span class='ocr_line' id='line_1_7' title="bbox 199 1141 1731 1207; baseline 0.002 -21"><span class='ocrx_word' id='word_1_33' title='bbox 199 1147 216 1186; x_wconf 93' lang='lat' dir='ltr'>l</span> <span class='ocrx_word' id='word_1_34' title='bbox 307 1141 530 1189; x_wconf 78' lang='lat' dir='ltr'><strong>Tertiam</strong></span> <span class='ocrx_word' id='word_1_35' title='bbox 566 1143 629 1190; x_wconf 83' lang='lat' dir='ltr'>ad</span> <span class='ocrx_word' id='word_1_36' title='bbox 663 1150 716 1190; x_wconf 90' lang='lat' dir='ltr'>te</span> <span class='ocrx_word' id='word_1_37' title='bbox 750 1143 878 1191; x_wconf 74' lang='lat' dir='ltr'>hanc</span> <span class='ocrx_word' id='word_1_38' title='bbox 913 1144 1180 1207; x_wconf 73' lang='lat' dir='ltr'>epistulam</span> <span class='ocrx_word' id='word_1_39' title='bbox 1215 1147 1385 1207; x_wconf 80' lang='lat' dir='ltr'>scripsi</span> <span class='ocrx_word' id='word_1_40' title='bbox 1420 1144 1599 1192; x_wconf 89' lang='lat' dir='ltr'>eodem</span> <span class='ocrx_word' id='word_1_41' title='bbox 1631 1143 1731 1198; x_wconf 90' lang='lat' dir='ltr'>die,</span> 
     </span>
     <span class='ocr_line' id='line_1_8' title="bbox 245 1243 1730 1306; baseline 0.001 -21"><span class='ocrx_word' id='word_1_42' title='bbox 245 1244 404 1303; x_wconf 82' lang='lat' dir='ltr'>magis</span> <span class='ocrx_word' id='word_1_43' title='bbox 430 1244 647 1288; x_wconf 83' lang='lat' dir='ltr'>instituti</span> <span class='ocrx_word' id='word_1_44' title='bbox 676 1245 775 1288; x_wconf 85' lang='lat' dir='ltr'>mei</span> <span class='ocrx_word' id='word_1_45' title='bbox 802 1243 1009 1289; x_wconf 80' lang='lat' dir='ltr'>tenendi</span> <span class='ocrx_word' id='word_1_46' title='bbox 1036 1260 1203 1298; x_wconf 82' lang='lat' dir='ltr'>eausa,</span> <span class='ocrx_word' id='word_1_47' title='bbox 1229 1246 1348 1306; x_wconf 84' lang='lat' dir='ltr'>quia</span> <span class='ocrx_word' id='word_1_48' title='bbox 1372 1250 1549 1289; x_wconf 84' lang='lat' dir='ltr'>nactus</span> <span class='ocrx_word' id='word_1_49' title='bbox 1575 1259 1730 1296; x_wconf 81' lang='lat' dir='ltr'>eram,</span> 
     </span>
     <span class='ocr_line' id='line_1_9' title="bbox 243 1338 1726 1403; baseline 0.001 -20"><span class='ocrx_word' id='word_1_50' title='bbox 243 1340 321 1384; x_wconf 88' lang='lat' dir='ltr'>cui</span> <span class='ocrx_word' id='word_1_51' title='bbox 366 1338 557 1394; x_wconf 76' lang='lat' dir='ltr'>darem,</span> <span class='ocrx_word' id='word_1_52' title='bbox 601 1356 772 1402; x_wconf 83' lang='lat' dir='ltr'>quarn,</span> <span class='ocrx_word' id='word_1_53' title='bbox 817 1357 915 1403; x_wconf 91' lang='lat' dir='ltr'>quo</span> <span class='ocrx_word' id='word_1_54' title='bbox 960 1339 1219 1396; x_wconf 83' lang='lat' dir='ltr'>haberem,</span> <span class='ocrx_word' id='word_1_55' title='bbox 1263 1341 1399 1403; x_wconf 90' lang='lat' dir='ltr'>quod</span> <span class='ocrx_word' id='word_1_56' title='bbox 1442 1341 1726 1387; x_wconf 86' lang='lat' dir='ltr'><strong>scriberem.</strong></span> 
     </span>
     <span class='ocr_line' id='line_1_10' title="bbox 246 1435 1729 1502; baseline 0.001 -21"><span class='ocrx_word' id='word_1_57' title='bbox 246 1435 408 1498; x_wconf 85' lang='lat' dir='ltr'><strong>Igitur</strong></span> <span class='ocrx_word' id='word_1_58' title='bbox 440 1435 558 1492; x_wconf 82' lang='lat' dir='ltr'>illa3</span> <span class='ocrx_word' id='word_1_59' title='bbox 610 1445 858 1500; x_wconf 85' lang='lat' dir='ltr'>quantum</span> <span class='ocrx_word' id='word_1_60' title='bbox 892 1455 974 1485; x_wconf 88' lang='lat' dir='ltr'>me</span> <span class='ocrx_word' id='word_1_61' title='bbox 1009 1438 1191 1502; x_wconf 80' lang='lat' dir='ltr'>diligis,</span> <span class='ocrx_word' id='word_1_62' title='bbox 1225 1445 1426 1485; x_wconf 86' lang='lat' dir='ltr'>tantum</span> <span class='ocrx_word' id='word_1_63' title='bbox 1462 1437 1646 1485; x_wconf 84' lang='lat' dir='ltr'>adhibe</span> <span class='ocrx_word' id='word_1_64' title='bbox 1677 1439 1729 1483; x_wconf 91' lang='lat' dir='ltr'>in</span> 
     </span>
     <span class='ocr_line' id='line_1_11' title="bbox 242 1533 1730 1597; baseline 0.001 -18"><span class='ocrx_word' id='word_1_65' title='bbox 242 1539 296 1579; x_wconf 89' lang='lat' dir='ltr'>te</span> <span class='ocrx_word' id='word_1_66' title='bbox 330 1533 640 1597; x_wconf 80' lang='lat' dir='ltr'>diligentiae.</span> <span class='ocrx_word' id='word_1_67' title='bbox 709 1536 792 1582; x_wconf 91' lang='lat' dir='ltr'>Ad</span> <span class='ocrx_word' id='word_1_68' title='bbox 826 1543 916 1583; x_wconf 86' lang='lat' dir='ltr'>tua</span> <span class='ocrx_word' id='word_1_69' title='bbox 950 1535 1335 1582; x_wconf 82' lang='lat' dir='ltr'>innumerabilia</span> <span class='ocrx_word' id='word_1_70' title='bbox 1369 1539 1419 1582; x_wconf 90' lang='lat' dir='ltr'>in</span> <span class='ocrx_word' id='word_1_71' title='bbox 1454 1552 1536 1582; x_wconf 88' lang='lat' dir='ltr'>me</span> <span class='ocrx_word' id='word_1_72' title='bbox 1570 1535 1730 1582; x_wconf 86' lang='lat' dir='ltr'>officia</span> 
     </span>
     <span class='ocr_line' id='line_1_12' title="bbox 243 1630 1727 1697; baseline 0.001 -19"><span class='ocrx_word' id='word_1_73' title='bbox 243 1631 373 1678; x_wconf 86' lang='lat' dir='ltr'>adde</span> <span class='ocrx_word' id='word_1_74' title='bbox 394 1630 505 1687; x_wconf 87' lang='lat' dir='ltr'>hoc,</span> <span class='ocrx_word' id='word_1_75' title='bbox 527 1633 662 1695; x_wconf 92' lang='lat' dir='ltr'>quod</span> <span class='ocrx_word' id='word_1_76' title='bbox 683 1633 804 1679; x_wconf 87' lang='lat' dir='ltr'>mihi</span> <span class='ocrx_word' id='word_1_77' title='bbox 827 1636 921 1680; x_wconf 91' lang='lat' dir='ltr'>erit</span> <span class='ocrx_word' id='word_1_78' title='bbox 943 1637 1282 1697; x_wconf 80' lang='lat' dir='ltr'>gratissimum</span> <span class='ocrx_word' id='word_1_79' title='bbox 1306 1636 1544 1680; x_wconf 86' lang='lat' dir='ltr'>omnium.</span> <span class='ocrx_word' id='word_1_80' title='bbox 1600 1632 1727 1680; x_wconf 88' lang='lat' dir='ltr'>Cum</span> 
     </span>
     <span class='ocr_line' id='line_1_13' title="bbox 242 1728 1725 1794; baseline 0.001 -19"><span class='ocrx_word' id='word_1_81' title='bbox 242 1728 542 1776; x_wconf 86' lang='lat' dir='ltr'>valetudinis</span> <span class='ocrx_word' id='word_1_82' title='bbox 558 1733 825 1786; x_wconf 83' lang='lat' dir='ltr'>rationem,</span> <span class='ocrx_word' id='word_1_83' title='bbox 842 1738 900 1778; x_wconf 85' lang='lat' dir='ltr'>ut</span> <span class='ocrx_word' id='word_1_84' title='bbox 917 1748 1080 1794; x_wconf 88' lang='lat' dir='ltr'>spero,</span> <span class='ocrx_word' id='word_1_85' title='bbox 1097 1731 1349 1786; x_wconf 81' lang='lat' dir='ltr'>habueris,</span> <span class='ocrx_word' id='word_1_86' title='bbox 1366 1730 1554 1778; x_wconf 87' lang='lat' dir='ltr'>habeto</span> <span class='ocrx_word' id='word_1_87' title='bbox 1572 1733 1725 1777; x_wconf 85' lang='lat' dir='ltr'>etiam</span> 
     </span>
    </p>

    <p class='ocr_par' dir='ltr' id='par_1_8' title="bbox 203 1828 1726 2282">
     <span class='ocr_line' id='line_1_14' title="bbox 203 1828 1725 1891; baseline 0.002 -19"><span class='ocrx_word' id='word_1_88' title='bbox 203 1830 588 1891; x_wconf 66' lang='lat' dir='ltr'>znavigationis.</span> <span class='ocrx_word' id='word_1_89' title='bbox 662 1828 721 1875; x_wconf 92' lang='lat' dir='ltr'>In</span> <span class='ocrx_word' id='word_1_90' title='bbox 760 1829 959 1876; x_wconf 83' lang='lat' dir='ltr'>Italiam</span> <span class='ocrx_word' id='word_1_91' title='bbox 1000 1831 1236 1876; x_wconf 87' lang='lat' dir='ltr'>euntibus</span> <span class='ocrx_word' id='word_1_92' title='bbox 1275 1830 1505 1876; x_wconf 82' lang='lat' dir='ltr'>omuibus</span> <span class='ocrx_word' id='word_1_93' title='bbox 1543 1829 1607 1876; x_wconf 88' lang='lat' dir='ltr'>ad</span> <span class='ocrx_word' id='word_1_94' title='bbox 1643 1845 1725 1875; x_wconf 87' lang='lat' dir='ltr'>me</span> 
     </span>
     <span class='ocr_line' id='line_1_15' title="bbox 241 1924 1726 1991; baseline 0.002 -21"><span class='ocrx_word' id='word_1_95' title='bbox 241 1924 436 1972; x_wconf 77' lang='lat' dir='ltr'>litteras</span> <span class='ocrx_word' id='word_1_96' title='bbox 453 1926 612 1982; x_wconf 84' lang='lat' dir='ltr'>dabis,</span> <span class='ocrx_word' id='word_1_97' title='bbox 629 1934 687 1973; x_wconf 86' lang='lat' dir='ltr'>ut</span> <span class='ocrx_word' id='word_1_98' title='bbox 703 1944 798 1991; x_wconf 82' lang='lat' dir='ltr'>ego</span> <span class='ocrx_word' id='word_1_99' title='bbox 816 1935 1022 1974; x_wconf 88' lang='lat' dir='ltr'>euntem</span> <span class='ocrx_word' id='word_1_100' title='bbox 1041 1927 1216 1974; x_wconf 80' lang='lat' dir='ltr'>Patras</span> <span class='ocrx_word' id='word_1_101' title='bbox 1233 1931 1486 1974; x_wconf 80' lang='lat' dir='ltr'>nerninem</span> <span class='ocrx_word' id='word_1_102' title='bbox 1503 1933 1726 1990; x_wconf 84' lang='lat' dir='ltr'>praeter-</span> 
     </span>
     <span class='ocr_line' id='line_1_16' title="bbox 241 2023 1725 2088; baseline 0 -19"><span class='ocrx_word' id='word_1_103' title='bbox 241 2026 405 2070; x_wconf 86' lang='lat' dir='ltr'>mitto.</span> <span class='ocrx_word' id='word_1_104' title='bbox 463 2023 611 2079; x_wconf 82' lang='lat' dir='ltr'>Cura,</span> <span class='ocrx_word' id='word_1_105' title='bbox 633 2041 753 2070; x_wconf 84' lang='lat' dir='ltr'>cura</span> <span class='ocrx_word' id='word_1_106' title='bbox 774 2031 846 2080; x_wconf 87' lang='lat' dir='ltr'>te,</span> <span class='ocrx_word' id='word_1_107' title='bbox 869 2028 936 2071; x_wconf 87' lang='lat' dir='ltr'>mi</span> <span class='ocrx_word' id='word_1_108' title='bbox 959 2025 1073 2071; x_wconf 88' lang='lat' dir='ltr'>Tiro</span> <span class='ocrx_word' id='word_1_109' title='bbox 1097 2039 1109 2080; x_wconf 90' lang='lat'>;</span> <span class='ocrx_word' id='word_1_110' title='bbox 1149 2025 1351 2088; x_wconf 85' lang='lat' dir='ltr'>quaudo</span> <span class='ocrx_word' id='word_1_111' title='bbox 1374 2042 1473 2071; x_wconf 90' lang='lat' dir='ltr'>non</span> <span class='ocrx_word' id='word_1_112' title='bbox 1495 2027 1725 2088; x_wconf 86' lang='lat' dir='ltr'>contigit,</span> 
     </span>
     <span class='ocr_line' id='line_1_17' title="bbox 241 2120 1724 2185; baseline 0.001 -19"><span class='ocrx_word' id='word_1_113' title='bbox 241 2127 299 2166; x_wconf 89' lang='lat' dir='ltr'>ut</span> <span class='ocrx_word' id='word_1_114' title='bbox 345 2120 491 2166; x_wconf 80' lang='lat' dir='ltr'>simul</span> <span class='ocrx_word' id='word_1_115' title='bbox 539 2125 819 2185; x_wconf 77' lang='lat' dir='ltr'>navigares,</span> <span class='ocrx_word' id='word_1_116' title='bbox 866 2121 987 2168; x_wconf 89' lang='lat' dir='ltr'>nihil</span> <span class='ocrx_word' id='word_1_117' title='bbox 1041 2130 1136 2178; x_wconf 87' lang='lat' dir='ltr'>est,</span> <span class='ocrx_word' id='word_1_118' title='bbox 1178 2123 1313 2185; x_wconf 87' lang='lat' dir='ltr'>quod</span> <span class='ocrx_word' id='word_1_119' title='bbox 1360 2121 1587 2177; x_wconf 79' lang='lat' dir='ltr'>festines,</span> <span class='ocrx_word' id='word_1_120' title='bbox 1631 2138 1724 2168; x_wconf 87' lang='lat' dir='ltr'>nee</span> 
     </span>
     <span class='ocr_line' id='line_1_18' title="bbox 240 2218 1720 2282; baseline 0 -19"><span class='ocrx_word' id='word_1_121' title='bbox 240 2218 515 2281; x_wconf 83' lang='lat' dir='ltr'>quidquam</span> <span class='ocrx_word' id='word_1_122' title='bbox 544 2236 704 2274; x_wconf 87' lang='lat' dir='ltr'>cures,</span> <span class='ocrx_word' id='word_1_123' title='bbox 733 2223 824 2266; x_wconf 79' lang='lat' dir='ltr'>nisi</span> <span class='ocrx_word' id='word_1_124' title='bbox 855 2227 911 2266; x_wconf 93' lang='lat' dir='ltr'>ut</span> <span class='ocrx_word' id='word_1_125' title='bbox 940 2219 1122 2267; x_wconf 83' lang='lat' dir='ltr'>valeaS.</span> <span class='ocrx_word' id='word_1_126' title='bbox 1184 2220 1354 2266; x_wconf 85' lang='lat' dir='ltr'>Etiam</span> <span class='ocrx_word' id='word_1_127' title='bbox 1384 2227 1539 2282; x_wconf 87' lang='lat' dir='ltr'>atque</span> <span class='ocrx_word' id='word_1_128' title='bbox 1567 2221 1720 2265; x_wconf 83' lang='lat' dir='ltr'>etiam</span> 
     </span>
    </p>
   </div>
   <div class='ocr_carea' id='block_1_8' title="bbox 239 2314 1387 2379">
    <p class='ocr_par' dir='ltr' id='par_1_9' title="bbox 239 2314 1387 2379">
     <span class='ocr_line' id='line_1_19' title="bbox 239 2314 1387 2379; baseline 0.003 -18"><span class='ocrx_word' id='word_1_129' title='bbox 239 2314 365 2362; x_wconf 82' lang='lat' dir='ltr'>vale.</span> <span class='ocrx_word' id='word_1_130' title='bbox 431 2332 519 2363; x_wconf 87' lang='lat' dir='ltr'>vn.</span> <span class='ocrx_word' id='word_1_131' title='bbox 547 2316 666 2363; x_wconf 89' lang='lat' dir='ltr'>Idus</span> <span class='ocrx_word' id='word_1_132' title='bbox 691 2317 961 2364; x_wconf 83' lang='lat' dir='ltr'>Novembr.</span> <span class='ocrx_word' id='word_1_133' title='bbox 986 2318 1153 2372; x_wconf 84' lang='lat' dir='ltr'>Actio,</span> <span class='ocrx_word' id='word_1_134' title='bbox 1176 2320 1387 2379; x_wconf 77' lang='lat' dir='ltr'>vesperi.</span> 
     </span>
    </p>
   </div>
   <div class='ocr_carea' id='block_1_9' title="bbox 242 2614 334 2657">
    <p class='ocr_par' dir='ltr' id='par_1_10' title="bbox 242 2614 334 2657">
     <span class='ocr_line' id='line_1_20' title="bbox 242 2614 334 2657; baseline 0 0"><span class='ocrx_word' id='word_1_135' title='bbox 242 2614 334 2657; x_wconf 77' lang='lat'>328</span> 
     </span>
    </p>
   </div>
  </div>
 </body>
</html>
