1868 3040
845 203 1096 251 CICERO

622 496 675 527 Μ.
712 497 741 526 T
794 498 833 526 (¹.
871 497 907 526 S.
947 497 988 525 P.
1028 497 1072 525 1).
1112 496 1269 525 Ammo
1305 494 1443 527 PROC.

791 587 958 627 nonme
978 588 1048 637 (Ρ),
1071 601 1201 627 mue.
1225 590 1320 627 709.

264 691 280 730 l
376 683 432 729 In
487 683 725 728 Halesina
777 686 981 728 civitate
1034 690 1139 728 tam
1193 682 1329 728 lauta
1383 689 1590 742 tamque
1643 679 1792 726 nobili

309 754 736 796 coniunctissimos
783 749 946 795 habeo
993 757 1046 795 et
1093 749 1307 810 hospitio
1354 756 1407 794 et
1452 747 1794 793 familiaritate

313 818 383 862 M.
422 825 473 862 et
508 817 561 862 C.
599 817 814 870 Clodios,
849 815 1229 879 Archagathum
1265 823 1317 862 et
1351 814 1627 861 Philonem.
1695 813 1794 860 Sed

310 901 483 930 vereor
509 900 590 933 ne,
617 887 733 945 quia
760 883 1039 944 complures
1067 883 1156 929 tibi
1186 885 1454 944 praecipue
1481 881 1795 935 commendo,

310 967 595 1012 exaequare
615 950 785 996 videar
803 951 1077 996 ambitione
1096 950 1315 1011 quadam
1333 948 1795 995 commendationes

310 1035 463 1063 ineas.
533 1017 854 1079 Quamquam
884 1034 912 1062 a
939 1024 991 1063 te
1021 1017 1225 1079 quidem
1253 1015 1507 1062 cumulate
1535 1014 1717 1061 satisfit
1744 1021 1797 1060 et

263 1092 286 1129 2
312 1084 430 1130 mihi
455 1091 507 1130 et
528 1088 652 1130 meis
675 1085 920 1130 omnibus.
990 1083 1089 1130 Sed
1112 1083 1259 1130 velim
1282 1086 1350 1129 sic
1373 1085 1648 1136 existimes,
1668 1080 1796 1126 hane

312 1151 551 1197 familiam
585 1158 638 1197 et
669 1150 757 1197 lios
789 1150 909 1196 mihi
942 1154 1160 1196 maxime
1194 1166 1302 1196 esse
1334 1153 1624 1196 coniunctos
1656 1155 1797 1194 vetu-

311 1226 464 1273 state,
496 1218 681 1273 officiis,
714 1217 1083 1264 benevolentia.
1153 1217 1494 1275 Quamobrem
1528 1222 1649 1278 peto
1683 1232 1712 1261 a
1744 1221 1796 1261 te

312 1289 361 1330 in
381 1288 619 1331 maiorem
639 1285 862 1339 modum,
882 1292 937 1331 ut
956 1284 1030 1330 his
1049 1285 1278 1331 omnibus
1297 1287 1347 1329 in
1366 1284 1532 1337 rebus,
1551 1289 1797 1345 quantum

314 1359 401 1398 tua
451 1352 573 1398 tides
621 1352 943 1414 dignitasque
992 1355 1233 1413 patietur,
1280 1350 1582 1397 commodes.
1652 1348 1712 1396 Id
1758 1351 1797 1395 si

313 1417 508 1474 feceris,
536 1422 632 1465 erit
659 1419 778 1464 mihi
809 1418 1249 1465 vehementissime
1276 1425 1494 1481 gratum.

644 1719 697 1750 M.
733 1719 778 1749 Τ.
815 1720 855 1750 C.
893 1720 929 1749 S.
968 1719 1011 1750 P.
1050 1720 1095 1749 D.
1132 1719 1291 1749 At‘lLlo
1327 1718 1467 1750 PROC.

796 1810 964 1850 Romae
984 1811 1053 1860 (ἓ),
1076 1824 1207 1850 A.U.c.
1231 1813 1326 1850 709.

398 1907 486 1952 Cn.
506 1906 721 1953 Otacilio
740 1906 938 1952 Nasone
956 1913 1069 1951 utor
1085 1904 1483 1959 familiarissime,
1499 1907 1569 1951 ita
1586 1921 1802 1966 prorsus,

321 1981 373 2019 ut
398 1974 524 2019 illius
545 1974 728 2019 ordinis
750 1973 883 2018 nullo
903 1972 1208 2018 familiarius.
1263 1972 1390 2017 Nam
1413 1979 1464 2017 et
1484 1971 1800 2017 humanitate

319 2045 424 2086 eius
457 2048 508 2087 et
538 2041 792 2102 probitate
822 2043 872 2085 in
902 2040 1266 2086 consuetudine
1297 2038 1590 2101 quotidiana
1618 2055 1802 2100 magno

319 2125 470 2169 opere
509 2107 747 2154 delector.
817 2106 950 2152 Nihil
986 2110 1085 2152 iam
1123 2123 1246 2168 opus
1285 2113 1363 2152 est
1399 2112 1695 2167 exspectare
1731 2112 1802 2160 te,

385 2230 403 2248 ‘²
438 2224 486 2263 ln
515 2224 588 2264 the
618 2223 782 2264 middle
809 2224 859 2263 of
882 2223 954 2263 the
986 2223 1041 2263 N.
1063 2227 1184 2263 coast
1211 2224 1261 2263 of
1284 2222 1434 2274 Sicily.
1485 2222 1664 2274 Ilaving
1691 2220 1799 2261 been

326 2278 397 2317 the
421 2279 512 2318 first
534 2278 712 2319 Sieilian
736 2282 847 2317 state
870 2281 913 2317 to
930 2277 1024 2329 join
1048 2277 1121 2317 the
1147 2278 1342 2317 Romans
1366 2278 1408 2316 in
1431 2276 1505 2316 the
1530 2276 1640 2315 First
1665 2275 1802 2314 Punic

327 2332 444 2377 War,
464 2334 494 2371 it
512 2345 599 2371 was
616 2331 877 2382 favourably
894 2331 1061 2371 treated
1081 2333 1122 2370 in
1141 2331 1214 2371 the
1230 2330 1478 2370 settlement
1493 2331 1543 2369 of
1553 2330 1628 2369 the
1644 2328 1799 2368 island.

388 2386 402 2408 ὓ
434 2387 517 2433 1i.e.‚
536 2387 560 2401 ‘⁴
585 2386 600 2425 I
629 2390 776 2425 meant
797 2399 854 2425 no
876 2385 1096 2424 reflection
1114 2398 1232 2436 upon
1253 2398 1334 2436 you
1354 2386 1396 2424 in
1414 2384 1530 2423 what
1549 2383 1566 2423 Ι
1584 2382 1801 2434 havejust

326 2439 418 2479 said
440 2456 450 2485 ς
491 2453 561 2486 no,
583 2454 666 2491 yon
687 2439 852 2490 always
874 2438 1030 2488 regard
1056 2453 1129 2490 my
1152 2437 1577 2478 recommendations
1597 2450 1645 2476 as
1665 2450 1801 2488 genu-

328 2496 410 2539 ine,
432 2494 519 2533 and
543 2493 729 2545 respond
750 2492 1081 2543 accordinglyff’

390 2553 403 2570 ⁶
438 2549 519 2594 e'.e.‚
542 2548 614 2587 the
635 2550 881 2598 equestrian
906 2547 1045 2586 order.

333 2618 424 2658 100
