<?xml version="1.0" encoding="UTF-8"?>
<!DOCTYPE html PUBLIC "-//W3C//DTD XHTML 1.0 Transitional//EN"
    "http://www.w3.org/TR/xhtml1/DTD/xhtml1-transitional.dtd">
<html xmlns="http://www.w3.org/1999/xhtml" xml:lang="en" lang="en">
 <head>
  <title>
</title>
<meta http-equiv="Content-Type" content="text/html;charset=utf-8" />
  <meta name='ocr-system' content='tesseract 3.04.00' />
  <meta name='ocr-capabilities' content='ocr_page ocr_carea ocr_par ocr_line ocrx_word'/>
</head>
<body>
  <div class='ocr_page' id='page_1' title='image "./letterstohisfrie03ciceuoft_0412.png"; bbox 0 0 1837 3029; ppageno 0'>
   <div class='ocr_carea' id='block_1_1' title="bbox 831 177 1080 224">
    <p class='ocr_par' dir='ltr' id='par_1_1' title="bbox 831 177 1080 224">
     <span class='ocr_line' id='line_1_1' title="bbox 831 177 1080 224; baseline -0.012 0"><span class='ocrx_word' id='word_1_1' title='bbox 831 177 1080 224; x_wconf 74' lang='lat' dir='ltr'><strong>CICERO</strong></span> 
     </span>
    </p>
   </div>
   <div class='ocr_carea' id='block_1_2' title="bbox 170 309 1705 1299">
    <p class='ocr_par' dir='ltr' id='par_1_2' title="bbox 215 309 1702 646">
     <span class='ocr_line' id='line_1_2' title="bbox 216 309 1699 370; baseline -0.007 -8"><span class='ocrx_word' id='word_1_2' title='bbox 216 313 515 362; x_wconf 80' lang='lat' dir='ltr'><strong>verecundia</strong></span> <span class='ocrx_word' id='word_1_3' title='bbox 538 310 768 357; x_wconf 69' lang='lat' dir='ltr'><strong>videlicet</strong></span> <span class='ocrx_word' id='word_1_4' title='bbox 790 316 843 354; x_wconf 84' lang='lat' dir='ltr'><strong>ct</strong></span> <span class='ocrx_word' id='word_1_5' title='bbox 862 309 1234 370; x_wconf 75' lang='lat' dir='ltr'><strong>properatione,</strong></span> <span class='ocrx_word' id='word_1_6' title='bbox 1254 323 1310 352; x_wconf 84' lang='lat' dir='ltr'><strong>ea</strong></span> <span class='ocrx_word' id='word_1_7' title='bbox 1332 313 1387 352; x_wconf 91' lang='lat' dir='ltr'><strong>tu</strong></span> <span class='ocrx_word' id='word_1_8' title='bbox 1408 309 1514 353; x_wconf 84' lang='lat' dir='ltr'><strong>sine</strong></span> <span class='ocrx_word' id='word_1_9' title='bbox 1533 322 1699 352; x_wconf 85' lang='lat' dir='ltr'><strong>assen-</strong></span> 
     </span>
     <span class='ocr_line' id='line_1_3' title="bbox 215 374 1699 436; baseline -0.007 -7"><span class='ocrx_word' id='word_1_10' title='bbox 215 386 428 432; x_wconf 76' lang='lat' dir='ltr'>tatione,</span> <span class='ocrx_word' id='word_1_11' title='bbox 452 387 506 425; x_wconf 91' lang='lat' dir='ltr'><strong>ut</strong></span> <span class='ocrx_word' id='word_1_12' title='bbox 531 386 693 429; x_wconf 83' lang='lat' dir='ltr'><strong>erant,</strong></span> <span class='ocrx_word' id='word_1_13' title='bbox 717 377 778 422; x_wconf 85' lang='lat' dir='ltr'><strong>ad</strong></span> <span class='ocrx_word' id='word_1_14' title='bbox 803 393 882 420; x_wconf 77' lang='lat' dir='ltr'><strong>mc</strong></span> <span class='ocrx_word' id='word_1_15' title='bbox 906 377 1162 436; x_wconf 70' lang='lat' dir='ltr'><strong>scripsisti,</strong></span> <span class='ocrx_word' id='word_1_16' title='bbox 1185 381 1238 419; x_wconf 87' lang='lat' dir='ltr'><strong>et</strong></span> <span class='ocrx_word' id='word_1_17' title='bbox 1259 376 1478 419; x_wconf 82' lang='lat' dir='ltr'><strong>maxime</strong></span> <span class='ocrx_word' id='word_1_18' title='bbox 1501 374 1564 420; x_wconf 88' lang='lat' dir='ltr'><strong>de</strong></span> <span class='ocrx_word' id='word_1_19' title='bbox 1585 390 1699 419; x_wconf 90' lang='lat' dir='ltr'><strong>con-</strong></span> 
     </span>
     <span class='ocr_line' id='line_1_4' title="bbox 215 439 1698 506; baseline -0.007 -10"><span class='ocrx_word' id='word_1_20' title='bbox 215 449 404 496; x_wconf 87' lang='lat' dir='ltr'><strong>sulibus</strong></span> <span class='ocrx_word' id='word_1_21' title='bbox 433 448 709 506; x_wconf 67' lang='lat' dir='ltr'><strong>designatis</strong></span> <span class='ocrx_word' id='word_1_22' title='bbox 733 460 743 488; x_wconf 79' lang='lat'>2</span> <span class='ocrx_word' id='word_1_23' title='bbox 791 458 914 504; x_wconf 84' lang='lat' dir='ltr'><strong>quos</strong></span> <span class='ocrx_word' id='word_1_24' title='bbox 944 458 1038 504; x_wconf 86' lang='lat' dir='ltr'><strong>ego</strong></span> <span class='ocrx_word' id='word_1_25' title='bbox 1067 443 1270 502; x_wconf 85' lang='lat' dir='ltr'><strong>penitus</strong></span> <span class='ocrx_word' id='word_1_26' title='bbox 1298 444 1410 486; x_wconf 90' lang='lat' dir='ltr'><strong>novi</strong></span> <span class='ocrx_word' id='word_1_27' title='bbox 1437 439 1698 487; x_wconf 87' lang='lat' dir='ltr'>libidinum</span> 
     </span>
     <span class='ocr_line' id='line_1_5' title="bbox 217 507 1701 577; baseline -0.007 -15"><span class='ocrx_word' id='word_1_28' title='bbox 217 525 270 563; x_wconf 89' lang='lat' dir='ltr'><strong>et</strong></span> <span class='ocrx_word' id='word_1_29' title='bbox 297 516 549 577; x_wconf 62' lang='lat' dir='ltr'><strong>languoris</strong></span> <span class='ocrx_word' id='word_1_30' title='bbox 578 511 990 557; x_wconf 60' lang='lat' dir='ltr'><strong>effeminatissimi</strong></span> <span class='ocrx_word' id='word_1_31' title='bbox 1019 511 1170 553; x_wconf 91' lang='lat' dir='ltr'><strong>animi</strong></span> <span class='ocrx_word' id='word_1_32' title='bbox 1198 507 1371 569; x_wconf 90' lang='lat' dir='ltr'><strong>plenos</strong></span> <span class='ocrx_word' id='word_1_33' title='bbox 1396 524 1406 553; x_wconf 93' lang='lat'>:</span> <span class='ocrx_word' id='word_1_34' title='bbox 1441 510 1524 570; x_wconf 90' lang='lat' dir='ltr'><strong>qui</strong></span> <span class='ocrx_word' id='word_1_35' title='bbox 1554 510 1642 553; x_wconf 91' lang='lat' dir='ltr'><strong>nisi</strong></span> <span class='ocrx_word' id='word_1_36' title='bbox 1673 523 1701 552; x_wconf 87' lang='lat' dir='ltr'><strong>a</strong></span> 
     </span>
     <span class='ocr_line' id='line_1_6' title="bbox 216 575 1702 646; baseline -0.006 -17"><span class='ocrx_word' id='word_1_37' title='bbox 216 580 568 646; x_wconf 58' lang='lat' dir='ltr'><strong>gubernaculi&lt;</strong></span> <span class='ocrx_word' id='word_1_38' title='bbox 593 580 909 628; x_wconf 75' lang='lat' dir='ltr'><strong>recesserint,</strong></span> <span class='ocrx_word' id='word_1_39' title='bbox 934 578 1208 620; x_wconf 83' lang='lat' dir='ltr'><strong>maximum</strong></span> <span class='ocrx_word' id='word_1_40' title='bbox 1238 575 1301 620; x_wconf 86' lang='lat' dir='ltr'><strong>ab</strong></span> <span class='ocrx_word' id='word_1_41' title='bbox 1327 577 1557 620; x_wconf 90' lang='lat' dir='ltr'><strong>universo</strong></span> <span class='ocrx_word' id='word_1_42' title='bbox 1581 590 1702 620; x_wconf 87' lang='lat' dir='ltr'><strong>nau-</strong></span> 
     </span>
    </p>

    <p class='ocr_par' dir='ltr' id='par_1_3' title="bbox 170 640 1705 1299">
     <span class='ocr_line' id='line_1_7' title="bbox 170 640 1701 709; baseline -0.007 -13"><span class='ocrx_word' id='word_1_43' title='bbox 170 661 194 700; x_wconf 84' lang='lat'>2</span> <span class='ocrx_word' id='word_1_44' title='bbox 218 650 377 709; x_wconf 59' lang='lat' dir='ltr'><strong>fragio</strong></span> <span class='ocrx_word' id='word_1_45' title='bbox 403 645 679 709; x_wconf 68' lang='lat' dir='ltr'><strong>periculum</strong></span> <span class='ocrx_word' id='word_1_46' title='bbox 710 651 802 690; x_wconf 89' lang='lat' dir='ltr'><strong>est.</strong></span> <span class='ocrx_word' id='word_1_47' title='bbox 866 641 1165 688; x_wconf 84' lang='lat' dir='ltr'><strong>Incredibile</strong></span> <span class='ocrx_word' id='word_1_48' title='bbox 1194 649 1288 695; x_wconf 82' lang='lat' dir='ltr'><strong>est,</strong></span> <span class='ocrx_word' id='word_1_49' title='bbox 1316 658 1446 704; x_wconf 86' lang='lat' dir='ltr'><strong>quae</strong></span> <span class='ocrx_word' id='word_1_50' title='bbox 1475 657 1570 704; x_wconf 89' lang='lat' dir='ltr'><strong>ego</strong></span> <span class='ocrx_word' id='word_1_51' title='bbox 1595 640 1701 686; x_wconf 85' lang='lat' dir='ltr'><strong>illos</strong></span> 
     </span>
     <span class='ocr_line' id='line_1_8' title="bbox 218 707 1702 776; baseline -0.006 -13"><span class='ocrx_word' id='word_1_52' title='bbox 218 721 335 770; x_wconf 85' lang='lat' dir='ltr'><strong>scio,</strong></span> <span class='ocrx_word' id='word_1_53' title='bbox 373 716 615 776; x_wconf 70' lang='lat' dir='ltr'><strong>oppositis</strong></span> <span class='ocrx_word' id='word_1_54' title='bbox 654 710 909 757; x_wconf 78' lang='lat' dir='ltr'><strong>Gallorum</strong></span> <span class='ocrx_word' id='word_1_55' title='bbox 950 712 1142 763; x_wconf 77' lang='lat' dir='ltr'><strong>castris,</strong></span> <span class='ocrx_word' id='word_1_56' title='bbox 1179 711 1228 753; x_wconf 90' lang='lat' dir='ltr'><strong>in</strong></span> <span class='ocrx_word' id='word_1_57' title='bbox 1269 711 1471 754; x_wconf 85' lang='lat' dir='ltr'><strong>aestivis</strong></span> <span class='ocrx_word' id='word_1_58' title='bbox 1508 707 1702 764; x_wconf 82' lang='lat' dir='ltr'><strong>fecisse,</strong></span> 
     </span>
     <span class='ocr_line' id='line_1_9' title="bbox 219 774 1702 846; baseline -0.005 -17"><span class='ocrx_word' id='word_1_59' title='bbox 219 800 343 846; x_wconf 85' lang='lat' dir='ltr'><strong>quos</strong></span> <span class='ocrx_word' id='word_1_60' title='bbox 379 781 460 827; x_wconf 88' lang='lat' dir='ltr'><strong>ille</strong></span> <span class='ocrx_word' id='word_1_61' title='bbox 496 780 642 833; x_wconf 88' lang='lat' dir='ltr'><strong>latro,</strong></span> <span class='ocrx_word' id='word_1_62' title='bbox 678 781 768 824; x_wconf 90' lang='lat' dir='ltr'><strong>nisi</strong></span> <span class='ocrx_word' id='word_1_63' title='bbox 807 776 993 838; x_wconf 83' lang='lat' dir='ltr'><strong>aliquid</strong></span> <span class='ocrx_word' id='word_1_64' title='bbox 1031 775 1218 821; x_wconf 84' lang='lat' dir='ltr'><strong>firmius</strong></span> <span class='ocrx_word' id='word_1_65' title='bbox 1253 774 1425 830; x_wconf 85' lang='lat' dir='ltr'><strong>fuerit,</strong></span> <span class='ocrx_word' id='word_1_66' title='bbox 1458 778 1702 822; x_wconf 86' lang='lat' dir='ltr'><strong>societate</strong></span> 
     </span>
     <span class='ocr_line' id='line_1_10' title="bbox 219 843 1703 904; baseline -0.006 -8"><span class='ocrx_word' id='word_1_67' title='bbox 219 853 452 896; x_wconf 73' lang='lat' dir='ltr'><strong>vitiorum</strong></span> <span class='ocrx_word' id='word_1_68' title='bbox 473 846 712 894; x_wconf 87' lang='lat' dir='ltr'><strong>deleniet.</strong></span> <span class='ocrx_word' id='word_1_69' title='bbox 767 844 865 890; x_wconf 86' lang='lat' dir='ltr'><strong>Res</strong></span> <span class='ocrx_word' id='word_1_70' title='bbox 888 850 964 889; x_wconf 90' lang='lat' dir='ltr'><strong>est</strong></span> <span class='ocrx_word' id='word_1_71' title='bbox 986 850 1075 889; x_wconf 85' lang='lat' dir='ltr'><strong>aut</strong></span> <span class='ocrx_word' id='word_1_72' title='bbox 1095 843 1370 888; x_wconf 82' lang='lat' dir='ltr'><strong>tribuniciis</strong></span> <span class='ocrx_word' id='word_1_73' title='bbox 1391 848 1480 888; x_wconf 85' lang='lat' dir='ltr'><strong>aut</strong></span> <span class='ocrx_word' id='word_1_74' title='bbox 1499 845 1703 904; x_wconf 82' lang='lat' dir='ltr'><strong>privatis</strong></span> 
     </span>
     <span class='ocr_line' id='line_1_11' title="bbox 219 909 1704 972; baseline -0.006 -9"><span class='ocrx_word' id='word_1_75' title='bbox 219 916 433 964; x_wconf 85' lang='lat' dir='ltr'><strong>consiliis</strong></span> <span class='ocrx_word' id='word_1_76' title='bbox 472 912 761 960; x_wconf 89' lang='lat' dir='ltr'><strong>munienda.</strong></span> <span class='ocrx_word' id='word_1_77' title='bbox 837 910 964 956; x_wconf 86' lang='lat' dir='ltr'><strong>Nam</strong></span> <span class='ocrx_word' id='word_1_78' title='bbox 1007 912 1087 956; x_wconf 91' lang='lat' dir='ltr'><strong>isti</strong></span> <span class='ocrx_word' id='word_1_79' title='bbox 1129 909 1229 956; x_wconf 90' lang='lat' dir='ltr'><strong>duo</strong></span> <span class='ocrx_word' id='word_1_80' title='bbox 1270 912 1350 954; x_wconf 78' lang='lat' dir='ltr'><strong>vix</strong></span> <span class='ocrx_word' id='word_1_81' title='bbox 1391 916 1510 955; x_wconf 82' lang='lat' dir='ltr'><strong>sunt</strong></span> <span class='ocrx_word' id='word_1_82' title='bbox 1548 909 1704 972; x_wconf 79' lang='lat' dir='ltr'><strong>digni,</strong></span> 
     </span>
     <span class='ocr_line' id='line_1_12' title="bbox 221 976 1704 1047; baseline -0.006 -17"><span class='ocrx_word' id='word_1_83' title='bbox 221 985 402 1047; x_wconf 81' lang='lat' dir='ltr'><strong>quibus</strong></span> <span class='ocrx_word' id='word_1_84' title='bbox 427 981 569 1027; x_wconf 82' lang='lat' dir='ltr'><strong>alteri</strong></span> <span class='ocrx_word' id='word_1_85' title='bbox 602 980 899 1031; x_wconf 84' lang='lat' dir='ltr'><strong>Caesenam,</strong></span> <span class='ocrx_word' id='word_1_86' title='bbox 925 976 1067 1023; x_wconf 88' lang='lat' dir='ltr'><strong>alteri</strong></span> <span class='ocrx_word' id='word_1_87' title='bbox 1099 976 1509 1023; x_wconf 78' lang='lat' dir='ltr'><strong>Cossutianarum</strong></span> <span class='ocrx_word' id='word_1_88' title='bbox 1538 978 1704 1022; x_wconf 86' lang='lat' dir='ltr'><strong>taber-</strong></span> 
     </span>
     <span class='ocr_line' id='line_1_13' title="bbox 222 1042 1703 1098; baseline -0.005 -2"><span class='ocrx_word' id='word_1_89' title='bbox 222 1067 397 1096; x_wconf 77' lang='lat' dir='ltr'><strong>narum</strong></span> <span class='ocrx_word' id='word_1_90' title='bbox 425 1047 757 1095; x_wconf 84' lang='lat' dir='ltr'><strong>fundamenta</strong></span> <span class='ocrx_word' id='word_1_91' title='bbox 782 1045 972 1090; x_wconf 71' lang='lat' dir='ltr'><strong>credas.</strong></span> <span class='ocrx_word' id='word_1_92' title='bbox 1037 1044 1127 1094; x_wconf 79' lang='lat' dir='ltr'><strong>Te,</strong></span> <span class='ocrx_word' id='word_1_93' title='bbox 1153 1050 1210 1090; x_wconf 90' lang='lat' dir='ltr'><strong>ut</strong></span> <span class='ocrx_word' id='word_1_94' title='bbox 1235 1044 1356 1098; x_wconf 86' lang='lat' dir='ltr'><strong>dixi,</strong></span> <span class='ocrx_word' id='word_1_95' title='bbox 1381 1042 1488 1089; x_wconf 77' lang='lat' dir='ltr'><strong>sero</strong></span> <span class='ocrx_word' id='word_1_96' title='bbox 1512 1042 1703 1089; x_wconf 58' lang='lat' dir='ltr'><strong>oculis}</strong></span> 
     </span>
     <span class='ocr_line' id='line_1_14' title="bbox 221 1109 1705 1179; baseline -0.006 -15"><span class='ocrx_word' id='word_1_97' title='bbox 221 1119 331 1179; x_wconf 64' lang='lat' dir='ltr'><strong>Ego</strong></span> <span class='ocrx_word' id='word_1_98' title='bbox 369 1133 453 1162; x_wconf 76' lang='lat' dir='ltr'><strong>vos</strong></span> <span class='ocrx_word' id='word_1_99' title='bbox 491 1132 534 1161; x_wconf 90' lang='lat' dir='ltr'><strong>a.</strong></span> <span class='ocrx_word' id='word_1_100' title='bbox 575 1115 621 1161; x_wconf 95' lang='lat' dir='ltr'><strong>d.</strong></span> <span class='ocrx_word' id='word_1_101' title='bbox 662 1129 738 1159; x_wconf 84' lang='lat'>111.</span> <span class='ocrx_word' id='word_1_102' title='bbox 781 1111 995 1158; x_wconf 78' lang='lat' dir='ltr'><strong>Kalend.</strong></span> <span class='ocrx_word' id='word_1_103' title='bbox 1034 1111 1233 1164; x_wconf 86' lang='lat' dir='ltr'><strong>videbo,</strong></span> <span class='ocrx_word' id='word_1_104' title='bbox 1270 1117 1485 1172; x_wconf 84' lang='lat' dir='ltr'><strong>tuosque</strong></span> <span class='ocrx_word' id='word_1_105' title='bbox 1521 1109 1705 1166; x_wconf 86' lang='lat' dir='ltr'><strong>oculos,</strong></span> 
     </span>
     <span class='ocr_line' id='line_1_15' title="bbox 220 1176 1704 1233; baseline -0.005 -2"><span class='ocrx_word' id='word_1_106' title='bbox 220 1187 419 1231; x_wconf 84' lang='lat' dir='ltr'><strong>etiamsi</strong></span> <span class='ocrx_word' id='word_1_107' title='bbox 441 1190 494 1229; x_wconf 89' lang='lat' dir='ltr'><strong>te</strong></span> <span class='ocrx_word' id='word_1_108' title='bbox 519 1184 724 1227; x_wconf 75' lang='lat' dir='ltr'><strong>veniens</strong></span> <span class='ocrx_word' id='word_1_109' title='bbox 746 1183 796 1225; x_wconf 91' lang='lat' dir='ltr'><strong>in</strong></span> <span class='ocrx_word' id='word_1_110' title='bbox 819 1179 987 1225; x_wconf 89' lang='lat' dir='ltr'><strong>medio</strong></span> <span class='ocrx_word' id='word_1_111' title='bbox 1009 1176 1116 1225; x_wconf 85' lang='lat' dir='ltr'><strong>foro</strong></span> <span class='ocrx_word' id='word_1_112' title='bbox 1139 1177 1328 1233; x_wconf 86' lang='lat' dir='ltr'><strong>videro,</strong></span> <span class='ocrx_word' id='word_1_113' title='bbox 1349 1177 1704 1224; x_wconf 86' lang='lat' dir='ltr'><strong>dissuaviabor.</strong></span> 
     </span>
     <span class='ocr_line' id='line_1_16' title="bbox 223 1248 675 1299; baseline -0.013 0"><span class='ocrx_word' id='word_1_114' title='bbox 223 1252 312 1299; x_wconf 84' lang='lat' dir='ltr'><strong>Me</strong></span> <span class='ocrx_word' id='word_1_115' title='bbox 339 1267 466 1297; x_wconf 87' lang='lat' dir='ltr'><strong>ama.</strong></span> <span class='ocrx_word' id='word_1_116' title='bbox 537 1248 675 1294; x_wconf 81' lang='lat' dir='ltr'><strong>Vale.</strong></span> 
     </span>
    </p>
   </div>
   <div class='ocr_carea' id='block_1_3' title="bbox 511 1370 1424 1425">
    <p class='ocr_par' dir='ltr' id='par_1_4' title="bbox 511 1370 1424 1425">
     <span class='ocr_line' id='line_1_17' title="bbox 511 1370 1424 1425; baseline -0.004 -10"><span class='ocrx_word' id='word_1_117' title='bbox 511 1374 524 1399; x_wconf 86' lang='lat'><em>¹</em></span> <span class='ocrx_word' id='word_1_118' title='bbox 556 1376 599 1415; x_wconf 90' lang='lat' dir='ltr'><strong>in</strong></span> <span class='ocrx_word' id='word_1_119' title='bbox 621 1372 758 1415; x_wconf 85' lang='lat' dir='ltr'><strong>oculis</strong></span> <span class='ocrx_word' id='word_1_120' title='bbox 783 1370 1212 1425; x_wconf 63' lang='lat' dir='ltr'><strong>Tyri-ell‚sollowin9</strong></span> <span class='ocrx_word' id='word_1_121' title='bbox 1233 1370 1424 1412; x_wconf 74' lang='lat' dir='ltr'><strong>Ernesti.</strong></span> 
     </span>
    </p>
   </div>
   <div class='ocr_carea' id='block_1_4' title="bbox 227 1515 1713 2055">
    <p class='ocr_par' dir='ltr' id='par_1_5' title="bbox 227 1515 1707 1778">
     <span class='ocr_line' id='line_1_18' title="bbox 285 1515 1707 1568; baseline -0.006 -5"><span class='ocrx_word' id='word_1_122' title='bbox 285 1529 302 1547; x_wconf 84' lang='lat'><strong>‘¹</strong></span> <span class='ocrx_word' id='word_1_123' title='bbox 334 1523 505 1563; x_wconf 79' lang='lat' dir='ltr'><strong>Hirtius</strong></span> <span class='ocrx_word' id='word_1_124' title='bbox 529 1519 617 1560; x_wconf 87' lang='lat' dir='ltr'><strong>and</strong></span> <span class='ocrx_word' id='word_1_125' title='bbox 643 1519 817 1560; x_wconf 84' lang='lat' dir='ltr'><strong>Pansa:</strong></span> <span class='ocrx_word' id='word_1_126' title='bbox 859 1517 977 1557; x_wconf 85' lang='lat' dir='ltr'><strong>what</strong></span> <span class='ocrx_word' id='word_1_127' title='bbox 1000 1517 1074 1557; x_wconf 85' lang='lat' dir='ltr'><strong>the</strong></span> <span class='ocrx_word' id='word_1_128' title='bbox 1099 1515 1366 1557; x_wconf 77' lang='lat' dir='ltr'><strong>liot-headed</strong></span> <span class='ocrx_word' id='word_1_129' title='bbox 1391 1515 1584 1566; x_wconf 85' lang='lat' dir='ltr'><strong>Quintus</strong></span> <span class='ocrx_word' id='word_1_130' title='bbox 1605 1529 1707 1568; x_wconf 77' lang='lat' dir='ltr'><strong>says</strong></span> 
     </span>
     <span class='ocr_line' id='line_1_19' title="bbox 227 1569 1707 1621; baseline -0.005 -3"><span class='ocrx_word' id='word_1_131' title='bbox 227 1578 406 1618; x_wconf 82' lang='lat' dir='ltr'><strong>osthem</strong></span> <span class='ocrx_word' id='word_1_132' title='bbox 424 1577 525 1616; x_wconf 85' lang='lat' dir='ltr'><strong>here</strong></span> <span class='ocrx_word' id='word_1_133' title='bbox 540 1574 628 1614; x_wconf 86' lang='lat' dir='ltr'><strong>and</strong></span> <span class='ocrx_word' id='word_1_134' title='bbox 647 1576 688 1613; x_wconf 91' lang='lat' dir='ltr'><strong>in</strong></span> <span class='ocrx_word' id='word_1_135' title='bbox 706 1577 725 1619; x_wconf 68' lang='grc' dir='ltr'>ἓ</span> <span class='ocrx_word' id='word_1_136' title='bbox 741 1576 765 1613; x_wconf 73' lang='lat'><strong>⁶2</strong></span> <span class='ocrx_word' id='word_1_137' title='bbox 784 1577 900 1612; x_wconf 88' lang='lat' dir='ltr'><strong>must</strong></span> <span class='ocrx_word' id='word_1_138' title='bbox 917 1572 968 1611; x_wconf 87' lang='lat' dir='ltr'><strong>be</strong></span> <span class='ocrx_word' id='word_1_139' title='bbox 984 1570 1116 1610; x_wconf 81' lang='lat' dir='ltr'><strong>taken</strong></span> <span class='ocrx_word' id='word_1_140' title='bbox 1131 1584 1376 1621; x_wconf 77' lang='lat' dir='ltr'><strong>cumyrano</strong></span> <span class='ocrx_word' id='word_1_141' title='bbox 1387 1570 1509 1610; x_wconf 72' lang='lat' dir='ltr'><strong>salis.</strong></span> <span class='ocrx_word' id='word_1_142' title='bbox 1557 1569 1707 1611; x_wconf 79' lang='lat' dir='ltr'><strong>What-</strong></span> 
     </span>
     <span class='ocr_line' id='line_1_20' title="bbox 227 1624 1707 1677; baseline -0.006 -5"><span class='ocrx_word' id='word_1_143' title='bbox 227 1646 325 1672; x_wconf 85' lang='lat' dir='ltr'><strong>ever</strong></span> <span class='ocrx_word' id='word_1_144' title='bbox 349 1632 460 1671; x_wconf 88' lang='lat' dir='ltr'><strong>their</strong></span> <span class='ocrx_word' id='word_1_145' title='bbox 484 1629 758 1669; x_wconf 87' lang='lat' dir='ltr'><strong>weaknesses</strong></span> <span class='ocrx_word' id='word_1_146' title='bbox 781 1626 889 1677; x_wconf 85' lang='lat' dir='ltr'><strong>(and</strong></span> <span class='ocrx_word' id='word_1_147' title='bbox 914 1626 1107 1675; x_wconf 78' lang='lat' dir='ltr'><strong>Quintus</strong></span> <span class='ocrx_word' id='word_1_148' title='bbox 1129 1624 1401 1675; x_wconf 82' lang='lat' dir='ltr'><strong>doubtlessly</strong></span> <span class='ocrx_word' id='word_1_149' title='bbox 1424 1629 1707 1676; x_wconf 63' lang='lat' dir='ltr'><strong>exaggeratos</strong></span> 
     </span>
     <span class='ocr_line' id='line_1_21' title="bbox 228 1678 1490 1778; baseline -0.005 -52"><span class='ocrx_word' id='word_1_150' title='bbox 228 1688 381 1778; x_wconf 40' lang='lat' dir='ltr'><strong>thimz,</strong></span> <span class='ocrx_word' id='word_1_151' title='bbox 403 1684 510 1778; x_wconf 57' lang='lat' dir='ltr'><strong>ltmth</strong></span> <span class='ocrx_word' id='word_1_152' title='bbox 531 1683 604 1724; x_wconf 85' lang='lat' dir='ltr'><strong>fell</strong></span> <span class='ocrx_word' id='word_1_153' title='bbox 627 1682 817 1734; x_wconf 80' lang='lat' dir='ltr'><strong>fighting</strong></span> <span class='ocrx_word' id='word_1_154' title='bbox 840 1679 1054 1731; x_wconf 84' lang='lat' dir='ltr'><strong>manfully</strong></span> <span class='ocrx_word' id='word_1_155' title='bbox 1077 1680 1145 1719; x_wconf 84' lang='lat' dir='ltr'><strong>for</strong></span> <span class='ocrx_word' id='word_1_156' title='bbox 1164 1679 1238 1719; x_wconf 88' lang='lat' dir='ltr'><strong>the</strong></span> <span class='ocrx_word' id='word_1_157' title='bbox 1261 1678 1490 1730; x_wconf 85' lang='lat' dir='ltr'><strong>Republic.</strong></span> 
     </span>
    </p>

    <p class='ocr_par' dir='ltr' id='par_1_6' title="bbox 228 1751 1713 2055">
     <span class='ocr_line' id='line_1_22' title="bbox 289 1751 1707 1839; baseline -0.005 -6"><span class='ocrx_word' id='word_1_158' title='bbox 289 1798 303 1817; x_wconf 81' lang='lat'><strong><em>⁶</em></strong></span> <span class='ocrx_word' id='word_1_159' title='bbox 335 1751 531 1836; x_wconf 37' lang='lat' dir='ltr'><strong>llllrtqtrilgl,</strong></span> <span class='ocrx_word' id='word_1_160' title='bbox 545 1790 648 1830; x_wconf 86' lang='lat' dir='ltr'><strong>with</strong></span> <span class='ocrx_word' id='word_1_161' title='bbox 672 1789 745 1829; x_wconf 89' lang='lat' dir='ltr'><strong>the</strong></span> <span class='ocrx_word' id='word_1_162' title='bbox 768 1787 954 1839; x_wconf 86' lang='lat' dir='ltr'><strong>custody</strong></span> <span class='ocrx_word' id='word_1_163' title='bbox 978 1788 1028 1827; x_wconf 89' lang='lat' dir='ltr'><strong>of</strong></span> <span class='ocrx_word' id='word_1_164' title='bbox 1046 1786 1119 1826; x_wconf 87' lang='lat' dir='ltr'><strong>the</strong></span> <span class='ocrx_word' id='word_1_165' title='bbox 1144 1785 1440 1838; x_wconf 80' lang='lat' dir='ltr'><strong>insignificant</strong></span> <span class='ocrx_word' id='word_1_166' title='bbox 1463 1785 1570 1826; x_wconf 84' lang='lat' dir='ltr'><strong>little</strong></span> <span class='ocrx_word' id='word_1_167' title='bbox 1591 1790 1707 1826; x_wconf 82' lang='lat' dir='ltr'><strong>town</strong></span> 
     </span>
     <span class='ocr_line' id='line_1_23' title="bbox 228 1839 1708 1910; baseline -0.005 -23"><span class='ocrx_word' id='word_1_168' title='bbox 228 1847 439 1910; x_wconf 78' lang='lat' dir='ltr'><strong>Caesena,</strong></span> <span class='ocrx_word' id='word_1_169' title='bbox 470 1849 525 1886; x_wconf 72' lang='lat'><strong>⁴20</strong></span> <span class='ocrx_word' id='word_1_170' title='bbox 559 1844 681 1884; x_wconf 88' lang='lat' dir='ltr'><strong>miles</strong></span> <span class='ocrx_word' id='word_1_171' title='bbox 714 1843 970 1882; x_wconf 85' lang='lat' dir='ltr'><strong>north-west</strong></span> <span class='ocrx_word' id='word_1_172' title='bbox 1001 1841 1051 1880; x_wconf 88' lang='lat' dir='ltr'><strong>of</strong></span> <span class='ocrx_word' id='word_1_173' title='bbox 1080 1841 1346 1887; x_wconf 77' lang='lat' dir='ltr'><strong>Ariminum,</strong></span> <span class='ocrx_word' id='word_1_174' title='bbox 1379 1839 1466 1880; x_wconf 89' lang='lat' dir='ltr'><strong>and</strong></span> <span class='ocrx_word' id='word_1_175' title='bbox 1501 1853 1605 1880; x_wconf 85' lang='lat' dir='ltr'><strong>near</strong></span> <span class='ocrx_word' id='word_1_176' title='bbox 1636 1840 1708 1880; x_wconf 84' lang='lat' dir='ltr'><strong>the</strong></span> 
     </span>
     <span class='ocr_line' id='line_1_24' title="bbox 233 1902 1713 1996; baseline -0.005 -1"><span class='ocrx_word' id='word_1_177' title='bbox 233 1902 496 1995; x_wconf 46' lang='lat' dir='ltr'><strong>Rl‘l&#39;blffghlsa.</strong></span> <span class='ocrx_word' id='word_1_178' title='bbox 527 1952 628 1992; x_wconf 83' lang='lat' dir='ltr'><strong>with</strong></span> <span class='ocrx_word' id='word_1_179' title='bbox 658 1951 731 1990; x_wconf 86' lang='lat' dir='ltr'><strong>the</strong></span> <span class='ocrx_word' id='word_1_180' title='bbox 759 1949 912 1990; x_wconf 84' lang='lat' dir='ltr'><strong>cellars</strong></span> <span class='ocrx_word' id='word_1_181' title='bbox 940 1949 990 1989; x_wconf 80' lang='lat' dir='ltr'><strong>of</strong></span> <span class='ocrx_word' id='word_1_182' title='bbox 1014 1949 1086 1989; x_wconf 87' lang='lat' dir='ltr'><strong>the</strong></span> <span class='ocrx_word' id='word_1_183' title='bbox 1115 1953 1290 1988; x_wconf 85' lang='lat' dir='ltr'><strong>taverns</strong></span> <span class='ocrx_word' id='word_1_184' title='bbox 1318 1949 1368 1987; x_wconf 84' lang='lat' dir='ltr'><strong>of</strong></span> <span class='ocrx_word' id='word_1_185' title='bbox 1392 1947 1619 1987; x_wconf 83' lang='lat' dir='ltr'><strong>Cossutius</strong></span> <span class='ocrx_word' id='word_1_186' title='bbox 1645 1948 1713 1996; x_wconf 85' lang='lat' dir='ltr'><strong>(of</strong></span> 
     </span>
     <span class='ocr_line' id='line_1_25' title="bbox 231 2004 994 2055; baseline -0.008 -6"><span class='ocrx_word' id='word_1_187' title='bbox 231 2010 373 2049; x_wconf 86' lang='lat' dir='ltr'><strong>whom</strong></span> <span class='ocrx_word' id='word_1_188' title='bbox 397 2023 459 2047; x_wconf 81' lang='lat' dir='ltr'><strong>we</strong></span> <span class='ocrx_word' id='word_1_189' title='bbox 481 2007 611 2046; x_wconf 85' lang='lat' dir='ltr'><strong>know</strong></span> <span class='ocrx_word' id='word_1_190' title='bbox 634 2005 820 2055; x_wconf 80' lang='lat' dir='ltr'><strong>nothing</strong></span> <span class='ocrx_word' id='word_1_191' title='bbox 842 2004 994 2052; x_wconf 85' lang='lat' dir='ltr'><strong>more).</strong></span> 
     </span>
    </p>
   </div>
   <div class='ocr_carea' id='block_1_5' title="bbox 237 2571 332 2614">
    <p class='ocr_par' dir='ltr' id='par_1_7' title="bbox 237 2571 332 2614">
     <span class='ocr_line' id='line_1_26' title="bbox 237 2571 332 2614; baseline -0.011 0"><span class='ocrx_word' id='word_1_192' title='bbox 237 2571 332 2614; x_wconf 81' lang='lat'><strong>380</strong></span> 
     </span>
    </p>
   </div>
  </div>
 </body>
</html>
