1837 3029
865 157 1115 205 CICERO

244 289 390 341 mins,
439 287 575 349 quod
625 286 853 333 Caesaris
903 287 1127 334 adventu
1177 294 1351 350 sperat
1399 303 1454 334 se
1502 286 1731 334 futurum

241 366 513 413 consulem.
582 366 682 413 Sed
717 371 898 413 mirum
932 370 984 413 in
1017 368 1224 414 modum
1258 371 1407 415 iacet.
1477 368 1732 416 Domitius

242 463 356 494 cum
403 447 642 494 Messalla
683 454 851 494 certus
895 463 1005 494 esse
1048 449 1331 495 videbatur.
1400 447 1614 496 Scaurus
1654 465 1733 496 re-

241 526 467 574 frixerat.
536 529 731 590 Appius
784 531 891 575 sine
945 528 1059 593 lege
1114 532 1308 575 curiata
1360 529 1626 576 confirmat
1679 545 1732 576 se

244 608 463 655 Lentulo
497 616 668 655 nostro
701 626 1082 655 successurum:
1136 613 1221 672 qui
1257 610 1464 672 quidem
1497 609 1733 656 mirificus

241 689 325 735 illo
365 689 446 734 die
489 689 645 751 (quod
686 706 850 751 paene
891 691 1152 752 praeterii)
1194 688 1292 736 fuit
1332 693 1383 736 in
1425 690 1733 745 Gabinium;

242 773 494 815 accusavit
513 773 794 816 maiestatis
818 786 829 825 3
866 774 1070 816 nomina
1088 771 1228 826 data,
1247 787 1403 834 quum
1421 770 1505 817 ille
1524 772 1733 817 verbum

243 850 449 895 nullum.
521 849 692 896 Habes
709 849 943 897 forensia.
1015 851 1166 897 Domi
1184 858 1341 906 recte,
1361 857 1414 897 et
1429 854 1539 913 ipsa
1555 851 1733 897 domus

241 947 269 976 a
296 931 702 993 redemptoribus
729 938 979 978 tractatur
1006 949 1106 978 non
1132 932 1474 996 indiligenter.
1544 931 1684 979 Vale.

952 1133 1031 1179 III

638 1278 692 1309 M.
721 1279 893 1308 CICERO
919 1278 956 1309 S.
985 1280 1030 1310 D.
1059 1279 1102 1315 Q.
1131 1279 1314 1311 FRATRI

732 1391 914 1438 Romae,
938 1405 1068 1432 A.u.c.
1093 1394 1188 1433 700.

194 1516 213 1555 1
304 1508 709 1571 Occupationum
762 1524 991 1554 mearum
1045 1509 1137 1554 tibi
1193 1511 1394 1572 signum
1447 1510 1513 1555 sit
1565 1507 1733 1554 librari

242 1606 435 1636 manus.
506 1590 656 1635 Diem
683 1592 808 1635 scito
835 1605 944 1635 esse
972 1589 1182 1644 nullum,
1209 1606 1309 1652 quo
1336 1590 1418 1636 die
1445 1606 1545 1636 non
1571 1589 1734 1636 dicam

242 1688 331 1733 pro
356 1688 457 1717 reo.
529 1670 627 1726 Ita,
653 1670 899 1733 quidquid
924 1670 1131 1716 conficio
1159 1678 1248 1716 aut
1273 1674 1459 1733 cogito,
1483 1673 1536 1716 in
1561 1671 1735 1716 ambu-

240 1752 442 1797 lationis
470 1749 578 1797 fere
608 1758 811 1813 tempus
841 1749 1060 1797 confero.
1132 1751 1352 1813 Negotia
1383 1758 1555 1797 nostra
1583 1754 1652 1796 sic
1682 1766 1735 1796 se

242 1832 435 1878 habent
458 1847 469 1887 ;
511 1832 790 1877 domestica
814 1848 948 1887 vero,
973 1839 1030 1878 ut
1054 1832 1297 1878 volumus.
1368 1831 1553 1878 Valent
1574 1834 1735 1894 pueri,

243 1913 467 1959 studiose
496 1913 714 1968 discunt,
748 1912 1021 1975 diligenter
1053 1913 1300 1959 docentur
1324 1928 1335 1968 3
1386 1919 1440 1959 et
1466 1929 1556 1958 nos
1584 1919 1638 1958 et
1663 1915 1735 1957 in-

242 2002 321 2040 ter
349 2010 402 2039 se
432 2000 620 2039 amant.
691 1993 1039 2055 Expolitiones
1069 1997 1332 2056 utriusque
1362 1999 1589 2039 nostrum
1618 2000 1736 2039 sunt

243 2079 293 2120 in
327 2076 592 2129 inanibus3
643 2075 733 2121 sed
766 2081 856 2120 tua
889 2075 953 2120 ad
986 2073 1271 2136 perfectum
1305 2078 1405 2120 iam
1438 2090 1517 2120 res
1550 2077 1735 2120 rustica

244 2157 425 2201 Arcani
467 2162 520 2200 et
560 2155 748 2201 Lateri.
819 2154 1093 2201 Praeterea
1131 2155 1194 2201 de
1235 2171 1366 2217 aqua
1406 2162 1459 2201 et
1499 2157 1577 2200 via
1615 2153 1736 2200 nihil

242 2238 558 2298 praetermisi
593 2235 814 2298 quadam
851 2235 1086 2297 epistula,
1121 2238 1242 2297 quin
1279 2234 1546 2281 enucleate
1583 2235 1648 2280 ad
1682 2242 1735 2281 te

308 2399 326 2416 ‘¹
361 2393 553 2433 Because
574 2406 622 2431 as
645 2392 749 2443 long
770 2406 817 2432 as
839 2393 943 2444 they
967 2407 1076 2432 were
1098 2393 1237 2433 under
1258 2406 1314 2432 an
1337 2395 1605 2440 accusation,
1628 2392 1734 2444 they

251 2447 379 2486 could
403 2452 477 2486 not
498 2446 626 2486 stand
647 2447 714 2486 for
735 2447 808 2486 the
828 2448 1094 2498 consulship.

313 2502 327 2525 ὑ
360 2502 440 2541 See
465 2502 582 2540 Fam.
605 2503 630 2540 i.
650 2505 689 2541 9.
710 2504 778 2548 25,
800 2501 940 2541 where
959 2502 1031 2541 the
1053 2501 1189 2541 whole
1207 2502 1414 2541 situation
1436 2502 1471 2540 is
1490 2499 1733 2552 explained.

258 2566 353 2616 570·
