1837 3029
837 167 1086 215 CICERO

222 300 356 364 quod
382 297 569 346 theatri
594 297 983 361 significationes
1008 295 1284 352 declarant,
1305 313 1398 343 nec
1421 295 1705 345 laboramus

223 383 335 413 mea
362 368 666 413 conscientia
691 367 947 426 copiarum
976 370 1277 419 nostrarum,
1303 363 1438 426 quod
1463 363 1706 421 Caesaris,

223 434 356 496 quod
392 432 599 494 Pompei
631 434 849 495 gratiam
881 438 1129 478 tenemus.
1197 430 1340 477 Haec
1371 447 1471 486 me,
1504 438 1562 478 ut
1594 448 1707 478 con-

224 502 392 553 fidam,
418 499 623 545 faciunt.
684 497 769 543 Sin
796 497 970 560 aliquis
998 504 1231 559 erumpet
1256 501 1471 544 amentis
1496 497 1707 545 hominis

224 568 375 621 furor,
422 570 588 613 omnia
634 572 752 611 sunt
798 565 862 612 ad
908 580 1025 611 eum
1070 563 1406 627 frangendum
1453 566 1705 628 expedita.

175 643 200 682 3
227 635 366 680 Haec
387 637 458 680 ita
478 636 658 682 sentio,
679 632 859 687 iudico,
881 632 946 678 ad
965 638 1018 678 te
1041 631 1300 693 explorate
1322 633 1495 679 scribo.
1552 633 1708 679 Dubi-

226 709 335 748 tare
366 708 436 755 te,
467 717 565 746 non
596 703 945 754 assentatorie,
975 699 1064 745 sed
1093 697 1316 745 fraterne
1346 706 1477 746 veto.
1541 699 1708 758 Quare

226 771 487 814 suavitatis
520 767 755 829 equidem
788 773 988 812 nostrae
1020 764 1263 812 fruendae
1295 782 1445 812 causa
1475 782 1710 828 cuperem

227 843 279 882 te
305 836 367 881 ad
391 835 443 882 id
465 841 667 896 tempus
691 836 878 888 venire,
902 833 1037 895 quod
1061 833 1289 888 dixeras;
1323 833 1412 880 sed
1436 833 1558 880 illud
1582 833 1710 881 malo

229 911 418 957 tamen,
450 902 585 964 quod
614 907 763 963 putas
793 903 953 963 magis
985 916 1012 946 e
1042 915 1096 946 re
1126 907 1251 955 tua3
1299 916 1416 946 nam
1445 900 1529 946 illa
1560 903 1713 947 etiam

229 973 399 1032 magni
432 967 1023 1028 ειεεῐίῐῐιο-ἀμφιλαφίαν
1053 966 1191 1012 illam
1219 973 1379 1022 tuam,
1413 974 1467 1014 et
1498 967 1714 1030 explica-

228 1041 422 1083 tionem
446 1036 732 1083 debitorum
757 1041 974 1081 tuorum.
1034 1033 1164 1080 Illud
1189 1034 1394 1097 quidem
1418 1037 1486 1081 sic
1509 1033 1714 1091 habeto,

231 1103 351 1150 nihil
383 1103 524 1150 nobis
558 1102 825 1164 expeditis,
857 1105 897 1148 si
930 1100 1223 1157 valebimus,
1255 1099 1362 1148 fore
1394 1099 1713 1150 fortunatius.

232 1171 390 1217 Parva
409 1176 543 1225 sunt,
564 1185 693 1232 quae
720 1169 920 1223 desunt,
939 1184 1028 1231 pro
1050 1171 1229 1214 nostris
1255 1169 1461 1230 quidem
1479 1170 1716 1225 moribus,

233 1246 284 1284 et
305 1255 363 1283 ea
382 1244 500 1283 sunt
519 1237 583 1282 ad
602 1235 954 1298 explicandum
974 1236 1368 1297 expeditissima,
1387 1236 1536 1283 modo
1554 1236 1718 1283 valea-

181 1314 208 1352 4
231 1322 355 1351 mus.
422 1304 659 1350 Ambitus
690 1303 822 1349 redit
852 1306 1099 1349 immanis.
1165 1302 1454 1365 Numquam
1484 1301 1582 1350 fuit
1611 1320 1715 1366 par.

235 1372 360 1418 Idib.
397 1370 571 1429 Quint.
607 1369 753 1416 fenus
785 1368 883 1416 fuit
915 1369 1142 1416 bessibus
1176 1385 1238 1415 ex
1271 1374 1478 1426 triente,
1502 1373 1717 1417 coitione

235 1439 449 1485 Memmi
487 1445 541 1484 et
577 1436 836 1484 consulum
874 1453 986 1482 cum
1027 1436 1286 1492 Domiti03
1342 1435 1470 1483 hanc
1506 1435 1718 1484 Scaurus

234 1510 429 1552 utinam
490 1508 714 1551 vinceret
738 1505 746 1550 Ξ
846 1503 1085 1549 Messalla
1145 1503 1338 1550 flaccet.
1435 1503 1549 1551 Non
1609 1505 1719 1551 dico

233 1572 599 1635 ὑπερβολικῶςς
644 1571 723 1618 vel
758 1570 841 1617 HS
875 1574 1066 1618 centies
1094 1573 1410 1618 constituunt
1441 1574 1493 1618 in
1520 1587 1720 1635 praero-

297 1766 316 1786 ⁰
349 1760 396 1801 P.
419 1758 613 1800 Clodius.

297 1814 314 1838 ὓ
349 1814 418 1866 Cf.
439 1813 524 1864 Ep.
545 1816 587 1853 4.
608 1814 648 1853 3.

299 1873 313 1892 ⁶
346 1868 386 1908 It
415 1871 533 1907 must
565 1866 620 1906 be
649 1864 948 1906 remembered
978 1865 1075 1906 that
1102 1865 1177 1906 the
1205 1864 1380 1906 consuls
1407 1864 1477 1906 for
1504 1865 1592 1907 this
1619 1879 1726 1919 year

240 1922 331 1972 (54)
363 1934 473 1961 were
504 1920 554 1960 L.
586 1920 806 1960 Domitius
837 1918 1162 1959 Ahenobarbus
1190 1918 1279 1959 and
1311 1919 1484 1970 Appius
1513 1919 1725 1961 Claudius

247 1976 445 2016 Pulcher.
501 1974 595 2014 'l‘he
618 1973 876 2013 candidates
898 1973 968 2013 for
990 1974 1065 2014 the
1092 1971 1345 2024 consulship
1371 1975 1414 2012 in
1442 1973 1516 2014 the
1539 1976 1726 2026 ensuing

244 2043 349 2081 year
369 2029 460 2079 (53)
483 2042 594 2068 were
616 2028 664 2068 C.
691 2028 930 2068 Memmius
955 2027 1042 2077 (for
1062 2027 1208 2067 whom
1227 2027 1284 2078 cf.
1306 2027 1430 2068 Fam.
1452 2028 1541 2068 xiii.
1568 2029 1623 2079 1),
1644 2027 1723 2069 Cn.

248 2084 465 2123 Domitius
489 2081 712 2130 Calvinus,
741 2081 804 2122 M.
830 2080 1032 2122 Valerius
1059 2079 1283 2128 Messalla,
1306 2080 1396 2120 and
1421 2081 1487 2121 Μ.
1512 2081 1727 2122 Aemilius

245 2136 450 2177 Scaurus.
517 2135 756 2175 Memmius
789 2148 877 2175 was
909 2133 1122 2175 favoured
1154 2134 1215 2186 by
1248 2133 1424 2182 Caesar,
1458 2134 1650 2176 Scaurus
1681 2140 1728 2176 at

245 2190 351 2236 first,
390 2189 471 2229 but
507 2193 584 2229 not
620 2187 950 2240 subsequently,
990 2188 1049 2239 by
1088 2187 1301 2239 Pompey.
1367 2187 1433 2228 To
1468 2200 1618 2229 secure
1654 2189 1729 2229 the

245 2245 432 2294 existing
452 2242 642 2283 consuls'
666 2242 881 2283 influence
903 2244 946 2281 in
971 2242 1043 2281 the
1064 2243 1243 2293 coming
1264 2240 1462 2289 electiori,
1489 2241 1729 2283 Memmius

246 2297 335 2337 and
370 2296 590 2337 Domitius
624 2295 832 2336 Calvinus
867 2295 996 2335 made
1029 2309 1055 2335 a
1088 2294 1355 2347 disgraceful
1386 2300 1591 2347 compact
1625 2296 1727 2337 with

247 2351 382 2398 them,
403 2349 617 2402 pledging
638 2349 897 2390 themselves
918 2354 963 2390 to
986 2349 1179 2401 produce
1199 2348 1309 2389 false
1329 2350 1567 2400 testimony
1588 2350 1632 2389 in
1654 2349 1729 2390 the

249 2406 446 2444 interests
481 2404 529 2443 of
560 2403 633 2444 the
668 2405 902 2456 out-going
935 2402 1124 2450 consuls,
1159 2403 1313 2455 giving
1346 2402 1467 2443 them
1502 2404 1728 2454 provinces

250 2458 351 2498 with
389 2458 636 2508 imperium,
680 2461 760 2498 etc.
841 2457 1094 2504 Memmius,
1140 2456 1353 2504 however,
1399 2460 1446 2496 at
1493 2455 1728 2508 Pompey's

248 2512 517 2562 instigation‚
550 2509 756 2561 divulged
790 2510 862 2550 the
896 2510 1032 2550 whole
1065 2514 1222 2550 matter
1252 2514 1298 2550 to
1328 2510 1401 2550 the
1433 2509 1607 2558 Senate,
1639 2510 1734 2571 and¹

254 2581 344 2622 533
