1868 3040
257 998 275 1039 1

246 1602 271 1639 [ὗ

935 198 1185 244 clt‘lzffl)

309 319 504 376 feceris,
533 329 639 368 tum
669 322 789 368 illud
818 323 907 369 tibi
937 330 1177 384 expertus
1206 326 1447 383 promitto
1475 330 1529 370 et
1554 323 1796 385 spondeo,

308 393 362 435 te
388 392 544 435 socios
571 389 859 451 Bithyniae,
886 393 924 435 si
953 393 1009 436 iis
1036 390 1384 444 commodaris,
1411 406 1658 438 memores
1686 408 1796 438 esse

308 462 363 502 et
383 463 556 519 gratos
579 460 915 520 cogniturum.

1029 648 1075 695 X

693 782 868 813 CICERO
905 782 957 812 M.
997 783 1137 813 IUMO
1173 782 1335 813 BRUTO
1368 781 1407 814 S.

835 884 1018 932 Romae,
1041 899 1171 925 A.u.c.
1194 887 1290 925 708.

368 989 494 1036 Cum
515 989 579 1036 ad
600 997 653 1036 te
675 997 790 1036 tuus
812 998 1066 1052 quaestor,
1091 990 1162 1036 M.
1186 989 1359 1046 Varro,
1380 989 1794 1052 proficisceretur,

301 1058 741 1104 commendatione
798 1074 950 1119 egere
1007 1074 1122 1103 eum
1178 1074 1277 1103 non
1332 1058 1592 1118 putabam.
1661 1057 1792 1104 Satis

302 1127 434 1169 enim
457 1125 869 1171 commendatum
890 1125 981 1171 tibi
1004 1141 1120 1170 eum
1141 1125 1422 1171 arbitrabar
1443 1125 1506 1171 ab
1526 1128 1633 1186 ipso
1653 1142 1791 1171 more

300 1194 563 1246 maiorum,
590 1195 693 1254 qui,
720 1199 776 1237 ut
805 1198 857 1237 te
886 1208 985 1238 non
1012 1190 1162 1254 fugit,
1189 1190 1317 1237 hanc
1344 1199 1648 1254 quaesturae
1673 1209 1788 1238 con-

298 1260 606 1304 iunctionem
636 1258 906 1305 liberorum
936 1259 1294 1304 necessitudini
1321 1262 1602 1319 proximam
1632 1258 1788 1305 voluit

299 1341 424 1371 esse.
493 1324 593 1372 Sed
625 1342 738 1371 cum
765 1326 857 1371 sibi
886 1329 959 1371 ita
990 1328 1322 1387 persuasisset
1345 1328 1453 1387 ipse
1479 1341 1617 1371 meas
1644 1325 1708 1372 de
1733 1342 1786 1372 se

297 1399 530 1438 accurate
562 1395 772 1454 scriptas
803 1392 998 1439 litteras
1030 1395 1307 1438 maximum
1340 1392 1476 1453 apud
1506 1399 1560 1439 te
1591 1392 1786 1454 pondus

296 1456 573 1513 habituras,
601 1476 630 1504 a
656 1476 841 1521 meque
868 1459 1220 1514 contenderet,
1247 1466 1305 1505 ut
1331 1475 1484 1521 quam
1510 1459 1786 1521 diligentis-

297 1528 422 1571 sime
457 1526 745 1580 scriberem,
776 1526 927 1572 malui
963 1525 1148 1580 facere,
1182 1526 1317 1588 quod
1353 1543 1494 1572 meus
1531 1525 1785 1572 familiaris

296 1596 427 1638 tanti
465 1610 556 1638 sua
593 1596 838 1639 interesse
879 1593 1223 1639 arbitraretur.
1295 1592 1368 1639 Ut
1405 1596 1560 1655 igitur
1597 1593 1784 1639 debere

295 1676 378 1706 me
404 1658 571 1706 facere
599 1659 691 1706 hoc
718 1659 1002 1723 intellegas,
1030 1677 1143 1706 curn
1170 1663 1387 1721 primum
1419 1659 1490 1706 M.
1519 1659 1785 1706 Terentius

295 1729 345 1771 in
392 1725 555 1773 forum
605 1730 759 1782 venit,
809 1727 873 1773 ad
921 1730 1191 1773 amicitiam
1240 1743 1293 1773 se
1341 1743 1509 1773 meam
1554 1726 1781 1773 contulit.

296 1792 515 1848 Deinde,
542 1800 599 1840 ut
623 1810 676 1840 se
703 1794 1058 1848 corroboravit,
1085 1795 1215 1839 duae
1241 1810 1422 1840 causae
1449 1801 1784 1848 accesserunt,

294 1876 425 1922 quae
455 1877 622 1906 meam
652 1864 701 1906 in
731 1861 869 1906 illum
900 1861 1306 1907 benevolentiam
1338 1867 1620 1924 augerent:
1669 1877 1784 1914 una,

293 1927 429 1988 quod
452 1928 746 1974 versabatur
768 1931 817 1973 in
840 1927 932 1974 hoc
954 1928 1121 1974 studio
1145 1935 1331 1981 nostro,
1353 1944 1453 1990 quo
1476 1931 1631 1974 etiam
1653 1944 1784 1973 nunc

292 1998 513 2040 maxime
549 1995 879 2049 delectamur,
917 2002 970 2041 et
1006 2012 1118 2041 cum
1156 1997 1376 2056 ingenio,
1414 2001 1471 2040 ut
1507 1997 1655 2048 nosti,
1693 2011 1784 2040 nec

292 2064 399 2107 sine
432 2062 712 2117 industria3
764 2062 967 2117 deinde,
1000 2062 1135 2124 quod
1169 2069 1367 2108 mature
1400 2078 1454 2107 se
1487 2061 1702 2107 contulit
1733 2065 1781 2106 in

357 2225 375 2244 ‘²
410 2220 473 2260 M.
499 2220 661 2261 Brutus
682 2234 771 2261 was
795 2234 892 2261 now
913 2234 1130 2273 governor
1150 2222 1201 2260 of
1226 2220 1449 2272 Cisalpine
1473 2220 1604 2267 Gaul,
1627 2233 1675 2261 as
1696 2220 1779 2260 will

298 2276 598 2368 ἃρξθῖζῑῗὲἷῒῒῖιῐὲ
609 2275 1018 2380 ἐῗὲαῗῖὶέιιέἵὲἶρῐζῖιῗ
1036 2279 1185 2367 ili-man
1209 2327 1373 2368 known
1394 2340 1443 2367 as
1468 2327 1532 2367 M.
1553 2327 1782 2367 Terentius

296 2380 439 2420 Varro
461 2382 623 2422 Gibba.
676 2383 737 2421 As
759 2382 933 2421 tribune
955 2383 1005 2421 of
1021 2382 1094 2421 the
1115 2381 1239 2432 plebs
1261 2383 1303 2421 in
1325 2385 1394 2428 43,
1417 2381 1542 2421 when
1564 2381 1636 2421 the
1657 2385 1782 2432 great

297 2434 440 2474 Varro
456 2449 544 2474 was
561 2436 813 2486 proscribed
832 2436 885 2475 he
902 2449 990 2475 was
1013 2436 1143 2475 much
1165 2435 1356 2487 laughed
1378 2439 1424 2474 at
1438 2436 1506 2474 for
1525 2434 1782 2487 publishing

295 2501 323 2528 a
357 2491 499 2529 notice
527 2489 754 2539 declaring
783 2490 877 2529 that
909 2490 962 2529 he
983 2503 1071 2529 was
1091 2493 1168 2530 not
1195 2489 1293 2529 that
1320 2489 1463 2529 Varro
1492 2489 1573 2529 but
1597 2489 1782 2530 another

295 2543 402 2593 (Dio
423 2543 614 2590 Cassius,
638 2543 753 2584 xlvii.
783 2548 844 2583 ll.
867 2544 927 2594 3).

300 2614 363 2653 40
