1868 3040
896 174 1147 222 CICERO

1002 384 1046 432 L

663 528 719 562 M.
754 530 799 561 T.
836 530 877 561 C.
913 529 950 561 S.
989 530 1035 561 D.
1073 530 1233 560 ACILIO
1267 529 1408 564 PRoc.

763 643 932 682 Romae
953 644 1023 694 (ἓ),
1045 656 1174 684 Α.υ.(“.
1198 646 1292 684 710.

223 768 243 810 1
336 761 532 824 Sumpsi
560 759 652 807 hoc
678 759 815 813 mihi,
841 777 930 822 pro
958 769 1045 806 tua
1069 764 1118 806 in
1145 776 1226 806 me
1251 761 1589 817 observantia,
1614 778 1767 825 quam

283 847 485 905 penitus
512 845 764 903 perspexi,
791 841 1029 903 quamdiu
1058 840 1286 887 Brundisi
1314 839 1517 897 suimus,
1543 849 1601 889 ut
1627 843 1691 889 ad
1716 850 1769 890 te

283 922 597 969 familiariter
625 928 678 967 et
711 924 851 984 quasi
881 937 970 982 pro
996 937 1110 968 meo
1133 924 1240 968 iure
1265 922 1553 978 scriberem,
1576 926 1616 969 si
1640 939 1771 986 quae

285 1020 363 1050 res
397 1013 531 1049 esset
563 1002 626 1048 de
661 1018 759 1064 qua
792 1001 936 1047 valde
970 1001 1265 1048 laborarem.
1335 1001 1426 1048 Μ’.
1461 1002 1655 1059 Curius,
1687 1007 1772 1066 qui

288 1083 448 1130 Patris
491 1086 799 1145 negotiatur,
838 1086 911 1129 ita
951 1081 1071 1128 mihi
1118 1081 1374 1129 familiaris
1422 1090 1517 1139 est,
1557 1091 1615 1130 ut
1653 1083 1773 1131 nihil

286 1168 443 1227 possit
480 1180 588 1209 esse
625 1166 953 1209 coniunctius.
1028 1162 1195 1209 Multa
1230 1163 1358 1209 illius
1394 1167 1444 1209 in
1481 1179 1563 1210 me
1599 1164 1774 1220 officia,

287 1245 447 1291 multa
471 1247 521 1290 in
546 1244 684 1289 illum
710 1259 841 1299 mea,
867 1244 1104 1306 quodque
1129 1247 1406 1290 maximum
1432 1251 1527 1299 est,
1551 1261 1775 1291 summus

236 1335 260 1374 2
286 1329 418 1371 inter
455 1340 542 1370 nos
581 1340 720 1369 arnor
757 1330 811 1370 et
846 1331 1068 1370 mutuus.
1140 1323 1285 1382 Quae
1323 1341 1436 1370 cum
1473 1328 1546 1370 ita
1583 1328 1700 1380 sint,
1736 1329 1775 1371 si

289 1405 439 1452 ullam
465 1408 516 1451 in
543 1407 761 1450 amicitia
787 1420 901 1450 mea
926 1420 1066 1465 spem
1094 1403 1268 1459 habes,
1293 1408 1333 1450 si
1360 1420 1437 1461 ea,
1463 1421 1594 1467 quae
1619 1409 1670 1451 in
1695 1422 1776 1452 rne

287 1486 446 1532 officia
481 1492 534 1532 et
567 1484 736 1530 studia
776 1484 1005 1530 Brundisi
1041 1484 1315 1540 contulisti,
1348 1488 1420 1531 vis
1454 1484 1575 1532 mihi
1622 1490 1777 1532 etiam

289 1569 511 1630 gratiora
539 1565 734 1611 efficere
767 1565 1098 1627 (quamquam
1128 1572 1247 1611 sunt
1275 1565 1598 1628 gratissima),
1627 1569 1666 1612 si
1696 1582 1778 1613 me

291 1663 321 1693 a
344 1650 439 1694 tuis
460 1645 690 1692 omnibus
713 1648 867 1690 amari
892 1645 1044 1698 vides,
1065 1644 1158 1691 hoc
1178 1643 1299 1691 rnihi
1321 1645 1385 1691 da
1406 1653 1560 1709 atque
1580 1646 1779 1710 largire,

292 1734 349 1774 ut
369 1726 460 1773 Μ’.
480 1725 685 1772 Curium
702 1733 892 1771 sartum
912 1733 964 1771 et
985 1733 1194 1781 tectum,
1211 1733 1269 1772 ut
1286 1729 1445 1782 aiunt,
1463 1727 1526 1772 ab
1543 1731 1780 1789 omnique

292 1806 626 1861 incommodo,
644 1806 970 1861 detrimento,
990 1805 1218 1852 molestia
1238 1809 1486 1853 sincerum
1504 1810 1781 1870 integrum-

293 1905 392 1951 que
424 1903 701 1934 conserves.
768 1886 835 1932 Et
865 1890 972 1948 ipse
1003 1887 1245 1948 spondeo,
1277 1893 1331 1933 et
1361 1903 1534 1934 omnes
1566 1887 1659 1933 hoe
1689 1889 1781 1935 tibi

295 1973 368 2015 tui
391 1985 480 2030 pro
501 1984 583 2014 me
606 1971 868 2029 recipient,
892 1983 953 2013 ex
978 1983 1091 2012 mea
1115 1970 1335 2013 amicitia
1357 1974 1410 2014 et
1432 1983 1495 2014 ex
1519 1975 1607 2014 tuo
1628 1971 1679 2014 in
1700 1984 1782 2015 me

294 2050 452 2096 officio
476 2052 751 2094 maximum
775 2055 828 2095 te
852 2046 1071 2094 fructum
1095 2064 1445 2111 summamque
1471 2048 1782 2110 voluptatem

296 2146 405 2177 esse
429 2137 710 2192 capturum.

683 2314 700 2332 ‘¹
733 2307 814 2348 See.
837 2312 937 2348 note
957 2321 984 2347 a
1005 2312 1050 2347 to
1071 2307 1154 2359 Ep.
1177 2310 1232 2347 30
1251 2307 1405 2348 above.

435 2364 452 2389 θ
482 2362 575 2404 The
595 2362 722 2402 stock
745 2362 902 2415 phrase
922 2363 991 2402 for
1011 2375 1037 2402 a
1060 2361 1262 2414 building
1284 2364 1326 2402 in
1347 2361 1465 2415 good
1487 2364 1644 2414 repair.

311 2600 403 2642 124
