1837 3029
893 190 1142 238 CICERO

275 318 446 365 videre
473 321 603 366 ratio
631 324 817 382 potuit,
844 337 908 367 ne
938 329 1286 383 occuparetur,
1315 329 1374 369 ut
1401 327 1454 368 te
1485 329 1604 369 ante
1633 339 1760 369 com-

274 423 439 470 pares,
477 411 807 473 quotidieque
844 411 1112 467 meditere,
1149 412 1487 459 resistendum
1525 428 1635 459 esse
1672 415 1766 458 ira-

274 500 487 545 cundiae
512 516 522 555 余
569 517 786 563 cumque
817 517 877 547 ea
905 505 1125 548 maxime
1155 506 1378 549 animum
1407 509 1628 558 moveat,
1655 509 1765 549 tum

273 590 366 635 tibi
396 606 504 635 esse
533 591 916 653 diligentissime
944 592 1165 655 linguam
1196 594 1554 640 continendam
1578 608 1590 649 余
1634 607 1765 655 quae

273 681 478 742 quidem
526 681 646 727 mihi
695 685 850 728 virtus
896 700 996 728 non
1042 684 1297 729 interdum
1343 687 1506 730 minor
1550 682 1766 736 videtur,

273 786 423 832 quam
457 776 661 820 omnino
692 790 791 820 non
822 777 981 820 irasci.
1051 774 1178 820 Nam
1212 774 1333 821 illud
1365 791 1465 821 non
1496 773 1657 821 solum
1688 779 1766 820 est

271 866 554 921 gravitatis,
612 864 703 910 sed
761 881 1140 927 nonnumquam
1200 869 1357 911 etiam
1414 864 1765 917 lentitudinis余

272 953 521 998 moderari
557 970 672 1000 vero
707 961 760 1001 et
794 959 961 1001 animo
996 962 1049 1001 et
1081 958 1313 1011 orationi,
1346 972 1459 1002 cum
1493 959 1558 1001 sis
1590 958 1764 1008 iratus,

271 1050 361 1088 aut
393 1048 545 1090 etiam
579 1052 750 1091 tacere
783 1053 836 1091 et
867 1053 1044 1092 tenere
1076 1049 1126 1091 in
1158 1063 1249 1092 sua
1279 1053 1538 1108 potestate
1567 1051 1763 1091 motum

273 1136 423 1178 animi
457 1142 509 1181 et
539 1135 780 1190 dolorem,
807 1139 901 1181 etsi
932 1153 1031 1182 non
1062 1143 1139 1182 est
1172 1135 1432 1198 perfectae
1465 1138 1763 1198 sapientiae,

192 1228 246 1267 39
271 1230 444 1269 tamen
496 1232 574 1271 est
625 1243 724 1271 non
775 1227 1039 1272 mediocris
1088 1229 1276 1289 ingeni.
1344 1227 1518 1289 Atque
1569 1228 1619 1271 in
1669 1223 1761 1269 hoc

268 1331 459 1376 genere
493 1315 655 1361 multo
691 1323 744 1362 te
782 1333 890 1362 esse
927 1320 1027 1362 iam
1063 1317 1452 1364 commodiorem
1488 1319 1760 1362 mitiorem-

268 1420 368 1467 que
421 1409 675 1452 nuntiant.
745 1406 925 1453 Nullae
977 1414 1098 1453 tuae
1151 1407 1556 1453 vehementiores
1608 1407 1758 1452 animi

265 1498 648 1552 concitationes,
689 1496 826 1543 nulla
866 1497 1140 1544 maledicta
1181 1498 1246 1544 ad
1288 1514 1395 1552 nos,
1437 1496 1604 1544 nullae
1645 1512 1759 1542 con-

266 1585 509 1632 tumeliae
546 1586 906 1649 perferuntur3
958 1604 1090 1650 quae
1134 1605 1247 1634 cum
1293 1587 1566 1635 abhorrent
1609 1603 1639 1633 a
1678 1585 1758 1632 lit.-

266 1679 406 1731 teris,
426 1677 489 1723 ab
510 1676 847 1733 humanitate,
867 1685 976 1724 tum
997 1694 1113 1724 vero
1138 1682 1389 1724 contraria
1413 1685 1532 1724 sunt
1548 1679 1757 1740 imperio

266 1785 323 1815 ac
364 1771 619 1833 dignitati.
687 1771 818 1818 Nam
859 1775 899 1818 si
940 1771 1282 1834 implacabiles
1316 1772 1605 1819 iracundiae
1638 1774 1756 1833 sint,

263 1875 461 1906 summa
490 1868 569 1907 est
597 1863 845 1908 acerbitas
869 1877 880 1917 3
927 1866 1003 1908 sin
1033 1870 1206 1909 autem
1236 1862 1534 1917 exorabiles,
1561 1877 1757 1908 summa

264 1949 477 2007 levitas余
532 1968 662 2016 quae
699 1959 874 1999 tamen
911 1953 990 2016 (ut
1025 1957 1077 1999 in
1112 1952 1276 2016 malis)
1313 1954 1579 1999 acerbitati
1614 1959 1756 1998 ante-

187 2047 241 2085 40
265 2042 501 2102 ponenda
554 2050 647 2089 est.
716 2043 852 2090 XIV.
909 2043 1009 2090 Sed
1063 2047 1301 2107 quoniam
1352 2047 1543 2106 primus
1595 2059 1754 2089 annus

264 2131 443 2179 habuit
490 2134 554 2179 dc
602 2133 695 2181 hac
742 2134 1133 2197 reprehensione
1180 2135 1450 2197 plurimum
1496 2137 1754 2189 sermonis,

263 2225 413 2269 credo
447 2231 736 2287 propterea,
769 2227 905 2289 quod
940 2227 1031 2272 tibi
1065 2225 1324 2273 hominum
1358 2229 1587 2282 iniuriae,
1618 2225 1752 2290 quod

262 2320 522 2372 avaritiae,
551 2318 687 2379 quod
716 2318 983 2365 insolentia
1013 2325 1217 2379 praeter
1245 2321 1530 2381 opinionem
1561 2318 1752 2364 accide-

262 2406 349 2451 bat
379 2415 430 2452 et
456 2408 783 2456 intolerabilis
810 2411 1094 2465 videbatur,
1119 2410 1368 2457 secundus
1394 2417 1566 2456 autem
1591 2409 1750 2455 multo

261 2495 436 2553 lenior,
454 2499 589 2560 quod
610 2506 662 2545 et
681 2500 994 2546 consuetudo
1014 2508 1067 2547 et
1085 2504 1214 2548 ratio
1233 2507 1287 2547 et
1305 2501 1385 2563 (ut
1403 2516 1498 2563 ego
1516 2498 1748 2562 arbitror)

265 2601 361 2640 430
