1868 3040
911 164 1164 214 CICERO

1002 346 1070 394 LI

706 479 762 513 Μ.
797 481 842 512 Τ.
880 481 919 512 C.
957 481 993 512 S.
1033 482 1078 512 D.
1117 481 1160 513 P.
1196 479 1364 513 CAESIO

778 583 960 630 Romae,
983 597 1099 624 anno
1122 585 1296 625 incerto.

352 688 405 737 P.
436 689 766 746 Messienum‚
793 695 1018 753 equitem
1046 690 1346 747 Romanum,
1371 690 1602 737 omnibus
1629 690 1776 737 rebus

286 778 521 817 ornatum
566 787 839 834 meumque
886 771 1294 834 perfamiliarem,
1340 772 1432 818 tibi
1478 771 1777 817 commendo

287 867 348 897 ea
379 852 836 908 commendatione,
868 867 999 915 quae
1030 858 1203 915 potest
1235 867 1343 898 esse
1376 851 1773 916 diligentissima.

287 930 414 979 Peto
446 949 475 979 a
505 939 559 980 te
592 939 645 980 et
676 950 765 995 pro
796 940 968 980 nostra
999 939 1053 980 et
1083 948 1173 995 pro
1204 939 1419 995 paterna
1451 934 1688 987 amicitia,
1719 934 1776 978 ut

287 1029 402 1058 eum
432 1016 482 1059 in
513 1020 655 1060 tuam
686 1013 838 1061 fidem
867 1016 1077 1075 recipias
1108 1016 1317 1076 eiusque
1347 1029 1454 1058 rem
1483 1011 1774 1075 famamque

287 1100 494 1139 tueares
549 1093 721 1140 Virum
757 1095 945 1141 bonum
971 1102 1162 1156 tuaque
1197 1096 1417 1139 amicitia
1449 1093 1658 1156 dignum
1682 1093 1774 1139 tibi

287 1173 574 1221 adiunxeris
598 1174 822 1238 mihique
845 1178 1185 1239 gratissimum
1210 1174 1402 1221 feceris.

981 1405 1080 1453 LII

786 1539 961 1572 CICERO
996 1540 1032 1572 S,
1071 1541 1117 1572 D.
1156 1538 1273 1572 REGI

806 1643 990 1688 Romae.
1011 1658 1141 1685 A.u.c.
1165 1645 1261 1685 708.

348 1750 411 1799 A.
458 1749 677 1798 Licinius
722 1751 1021 1798 Aristoteles
1069 1750 1353 1797 Melitensis
1398 1751 1772 1812 antiquissimus

285 1838 365 1878 est
392 1830 574 1894 hospes
598 1848 758 1885 mem,
785 1839 836 1877 et
861 1839 1129 1893 praeterea
1153 1835 1446 1877 coniunctus
1471 1846 1656 1893 magno
1680 1845 1772 1876 usu

284 1911 653 1958 familiaritatis.
722 1912 862 1957 Haec
894 1928 1007 1957 cum
1040 1915 1110 1958 ita
1143 1915 1260 1966 sint,
1292 1927 1391 1957 non
1423 1911 1619 1965 dubito,
1651 1913 1771 1973 quin

286 1992 377 2039 tibi
413 1995 534 2039 satis
567 1992 949 2038 commendatus
980 1995 1059 2038 sit.
1125 1992 1328 2038 Etenim
1364 2008 1426 2037 ex
1459 1990 1627 2037 multis
1658 2007 1773 2054 cog-

285 2089 451 2128 nosco,
492 2089 658 2119 meam
699 2073 1190 2119 commendationem
1231 2072 1499 2134 plurimum
1543 2071 1678 2134 apud
1720 2079 1770 2117 te

285 2152 466 2199 valere.
546 2153 695 2199 Hunc
740 2169 835 2215 ego
881 2170 910 2199 a
954 2154 1169 2199 Caesare
1213 2152 1434 2199 liberavi.
1515 2151 1771 2214 Frequens

286 2237 417 2278 enim
452 2233 616 2280 fuerat
648 2235 922 2286 nobiscum,
954 2241 1109 2296 atque
1140 2237 1292 2280 etiam
1325 2233 1512 2280 diutius
1542 2235 1591 2278 in
1622 2248 1772 2278 causa

286 2320 380 2368 est,
421 2330 573 2376 quam
614 2331 720 2364 nos,
760 2321 1114 2368 commoratus,
1155 2330 1254 2376 quo
1296 2313 1471 2359 melius
1512 2319 1565 2359 te
1606 2313 1670 2358 (le
1712 2328 1771 2357 eo

682 2479 701 2499 ⁸
736 2474 995 2524 Propraetor
1016 2474 1066 2512 of
1083 2473 1216 2524 Sicily
1241 2475 1281 2512 in
1304 2475 1372 2513 46.

704 2527 719 2552 ¹³
750 2530 834 2575 vste„
857 2527 929 2567 the
955 2528 1192 2579 l’ompeian
1215 2540 1358 2567 cause.

297 2590 386 2638 126
