1837 3029
871 187 1122 235 CICERO

253 323 432 366 siorem
459 334 542 364 me
568 317 690 363 facit
714 320 766 363 in
791 316 946 362 illum.
1009 316 1136 362 Nam
1165 316 1562 373 benevolentior,
1586 334 1738 381 quam

253 402 453 448 semper
475 384 566 440 fui,
591 400 700 430 esse
725 400 824 430 non
849 400 1066 444 possum.
1125 382 1226 429 Sed
1251 400 1346 446 ego
1370 384 1608 430 libertum
1632 389 1737 433 eius

254 470 344 515 per
363 469 416 498 se
436 456 598 513 ipsum
619 451 772 513 diligo
795 466 806 504 ;
844 467 1040 496 summa
1060 453 1193 496 enim
1214 453 1320 496 eius
1341 467 1462 513 erga
1480 467 1561 497 me
1580 452 1738 500 officia

255 524 562 566 exstiterunt
597 517 672 563 his
709 520 888 562 nostris
924 517 1255 578 temporibus,
1290 518 1470 579 quibus
1505 516 1738 566 facillime

254 583 681 632 benevolentiam1
716 583 972 628 hominum
1008 591 1062 629 et
1094 583 1244 629 fidem
1271 587 1554 645 perspicere
1578 589 1736 647 potui.

205 661 230 700 2
255 654 384 699 Eum
406 653 496 699 tibi
516 655 589 697 ita
608 651 923 704 commendo,
944 657 1002 696 ut
1021 650 1247 696 homines
1265 654 1397 713 grati
1419 658 1471 697 et
1490 668 1738 699 memores

256 721 386 766 bene
439 722 644 764 meritos
698 718 761 763 de
815 734 868 763 se
921 717 1276 763 commendare
1329 718 1535 764 debent.
1622 718 1738 765 Per-

250 794 453 850 gratum
482 785 601 830 mihi
631 784 826 840 feceris,
854 787 894 830 si
921 783 1003 830 ille
1031 783 1358 839 intellexerit,
1385 800 1457 839 se,
1485 784 1620 846 quod
1647 801 1737 847 pro

251 854 414 900 salute
467 869 582 898 inea
633 851 793 897 multa
844 851 1066 912 pericula
1117 851 1316 906 adierit,
1366 867 1518 912 saepe
1571 850 1737 899 hieme

252 937 447 967 summa
496 921 761 981 navigarit,
809 934 898 979 pro
947 925 1037 964 tua
1085 933 1205 980 erga
1253 933 1336 963 me
1383 918 1738 967 benevolentia

252 995 453 1050 gratum
480 990 634 1032 etiam
659 986 750 1032 tibi
775 984 967 1031 fecisse.

937 1169 1055 1216 LXI

580 1292 637 1327 M.
670 1292 716 1325 Τ.
753 1293 793 1325 C.
830 1293 867 1324 S.
905 1292 952 1323 D.
989 1291 1032 1323 P.
1069 1291 1194 1322 SILIO
1229 1292 1408 1325 PROPR-

770 1384 821 1425 In
843 1383 1010 1431 Cilicia,
1032 1397 1163 1424 A.U.c.
1187 1386 1283 1424 7053.

312 1483 369 1531 Τ.
411 1482 587 1529 Pinnio
625 1480 1008 1527 familiarissime
1046 1495 1128 1525 me
1170 1495 1313 1524 usum
1354 1495 1481 1535 esse,
1519 1483 1643 1527 scire
1683 1488 1737 1527 te

252 1552 480 1606 arbitror,
529 1549 664 1612 quod
713 1548 917 1610 quidem
963 1546 1045 1592 ille
1090 1552 1403 1592 testamento
1448 1546 1738 1604 declaravit,

252 1623 335 1682 qui
362 1634 444 1664 me
470 1633 584 1663 cum
610 1622 851 1669 tutorem,
877 1621 987 1660 tum
1014 1616 1169 1660 etiam
1194 1613 1471 1659 secundum
1496 1612 1736 1661 heredem

251 1687 542 1731 instituerit.
618 1682 737 1728 Eius
781 1681 879 1726 filio
919 1683 1044 1727 mire
1084 1680 1308 1728 studioso
1351 1687 1404 1726 et
1445 1680 1642 1727 erudito
1683 1689 1736 1728 et

251 1752 481 1798 modesto
513 1753 780 1812 pecuniam
815 1748 1118 1795 Nicaeenses
1151 1747 1396 1810 grandem
1430 1747 1639 1803 debent,
1672 1744 1737 1795 ad

254 1820 336 1865 Hs
361 1821 602 1880 octogieS,
627 1823 696 1871 et,
721 1823 777 1862 ut
803 1815 968 1870 audio,
991 1818 1042 1860 in
1067 1817 1236 1876 primis
1262 1817 1307 1860 ei
1331 1813 1505 1860 volunt
1528 1814 1734 1862 solvere.

253 1887 552 1948 Pergratum
596 1887 750 1946 igitur
793 1881 914 1928 mihi
958 1880 1153 1936 feceriS‚
1198 1881 1400 1943 quando
1444 1897 1544 1927 non
1587 1882 1736 1928 modo

251 1953 427 2015 reliqui
472 1958 686 2005 tutores,
730 1952 815 2012 qui
859 1952 1041 2003 sciunt,
1085 1951 1262 2010 quanti
1306 1963 1389 1993 me
1433 1946 1603 2002 facias,
1647 1949 1735 1995 sed

251 2024 405 2066 etiarn
438 2034 564 2081 puer
594 2021 700 2080 ipse
733 2017 825 2062 sibi
857 2018 1123 2077 persuasit,
1155 2021 1208 2061 te
1241 2018 1409 2060 omnia
1440 2030 1555 2060 mea
1586 2032 1735 2061 causa

252 2087 503 2133 facturum
540 2101 667 2140 esse,
702 2087 741 2130 si
784 2084 983 2130 dederis
1021 2098 1245 2144 operam,
1281 2081 1448 2144 quoad
1483 2089 1570 2127 tua
1614 2082 1736 2128 fides

313 2196 327 2218 ¹
359 2193 503 2233 Nobbe
539 2192 630 2231 and
667 2192 807 2232 others
848 2191 954 2230 have
992 2189 1157 2229 bonam
1195 2189 1336 2241 before
1373 2187 1738 2235 benevolentiam,

256 2248 328 2288 but
361 2246 490 2303 Klotz
524 2246 704 2297 re'yhtly,
743 2245 765 2284 l
794 2245 932 2291 think,
965 2244 1118 2295 rejects
1151 2244 1200 2290 it,
1234 2256 1282 2282 (13
1316 2242 1383 2282 the
1414 2242 1667 2282 connection
1697 2244 1735 2284 is

255 2304 358 2342 uvi-s
371 2303 518 2340 'iceron
528 2302 614 2339 icisn.

314 2391 330 2409 α
366 2385 625 2435 l'ropraetor
643 2385 693 2422 of
712 2383 921 2433 Bithynia
939 2381 1025 2420 and
1052 2381 1216 2420 l'ontus
1238 2381 1278 2419 in
1300 2383 1368 2420 51.
1418 2379 1504 2419 For
1522 2393 1546 2419 a
1568 2380 1737 2420 lawsuit

255 2441 297 2479 in
323 2438 461 2478 which
485 2438 538 2477 he
562 2451 649 2476 was
671 2436 873 2487 engaged
895 2448 965 2475 see
987 2437 1058 2475 vii.
1082 2439 1149 2474 221.

317 2494 331 2516 ⁰
361 2495 444 2538 ¹i.e.‚
463 2492 534 2531 the
553 2495 651 2530 next
669 2491 772 2537 heir,
789 2493 830 2529 in
853 2489 924 2529 the
940 2493 1065 2528 event
1083 2490 1131 2527 of
1148 2488 1219 2527 the
1237 2487 1326 2527 first
1341 2487 1432 2526 heir
1451 2486 1602 2539 dying.
1665 2486 1733 2537 Cf.

256 2546 361 2586 llor.
386 2549 476 2586 Sat.
499 2547 540 2585 ii.
564 2549 602 2585 5.
624 2548 767 2585 45-50.
1114 2547 1128 2567 ⁶
1160 2541 1311 2582 About
1332 2540 1537 2587 HQOOO.

266 2617 353 2656 142
