1837 3029
895 167 1144 214 CICERO

278 298 503 346 cessem!
574 298 652 344 De
690 297 943 359 republica
983 299 1186 342 nimium
1231 303 1283 343 te
1320 296 1543 344 laborare
1581 298 1758 354 doleo;

279 367 446 428 (video
473 372 525 412 te
547 367 850 428 ingemuisse
874 379 886 419 ;
922 366 990 410 sic
1017 363 1073 409 fit
1098 363 1136 409 εἰ
1161 362 1200 408 δ’
1231 362 1278 409 ἐν
1304 365 1381 426 αἴμ
1408 365 1601 425 ὲ’ζησας;
1638 383 1759 413 nun-

278 450 429 496 quam
473 435 605 479 enim
651 432 813 477 dicam
851 430 899 476 ἔα.
946 429 1144 491 πάσαςῙ)
1200 436 1254 477 et
1300 430 1556 478 meliorem
1601 435 1757 480 civem

278 516 404 554 esse,
449 515 600 561 quam
646 497 997 552 Philoctetam,
1041 500 1143 559 qui,
1189 505 1398 559 accepta
1440 501 1634 555 iniuria,
1676 499 1760 546 illa

278 565 564 629 spectacula
602 565 898 627 quaerebat,
935 580 1065 626 quae
1105 565 1193 610 tibi
1234 565 1415 611 acerba
1452 581 1560 612 esse
1599 566 1757 614 video.

278 634 474 680 Amabo
522 640 592 686 te,
633 631 844 686 advola3
903 630 1193 677 consolabor
1233 638 1285 678 te
1335 638 1388 678 et
1434 649 1634 679 omnem
1676 634 1759 680 ab·

276 700 513 760 stergebo
546 698 803 754 dolorem3
855 705 908 744 et
941 699 1120 753 adduc,
1153 701 1190 743 si
1225 715 1306 744 me
1340 715 1495 755 amas,
1523 699 1756 749 Marium.

276 767 376 814 Sed
393 761 752 829 adproperate.
822 765 1011 812 Hortus
1036 765 1169 812 domi
1195 771 1287 812 est.

656 1105 712 1138 M.
748 1106 921 1136 CICERO
956 1107 992 1136 S.
1032 1106 1077 1136 Ι).
1116 1108 1158 1141 Q.
1198 1105 1380 1138 FRATRI

797 1219 979 1265 Romae,
1004 1233 1133 1260 Α.υ.ι·.
1157 1223 1252 1259 700.

227 1346 248 1386 1
339 1336 618 1400 Epistulam
651 1335 778 1382 hanc
809 1338 1027 1381 convicio
1059 1335 1398 1397 efflagitarunt
1428 1336 1634 1382 codicilli
1668 1340 1755 1384 tui.

275 1405 402 1451 Nam
433 1422 509 1450 res
537 1404 740 1466 quidem
768 1406 875 1465 ipsa
903 1409 956 1449 et
980 1405 1020 1447 is
1047 1402 1170 1457 dies,
1199 1420 1297 1464 quo
1324 1409 1379 1448 tu
1408 1419 1460 1449 es
1487 1403 1757 1465 profectus,

273 1471 392 1518 nihil
415 1471 531 1517 mihi
557 1471 620 1517 ad
641 1470 958 1517 scribendum
982 1472 1266 1532 argumenti
1289 1485 1409 1515 sane
1432 1470 1603 1518 dabat.
1658 1470 1756 1518 Sed

272 1538 716 1601 quemadmodum,
770 1553 935 1583 coram
990 1553 1102 1582 cum
1157 1553 1344 1591 sumus,
1398 1553 1562 1584 sermo
1614 1539 1756 1585 nobis

271 1607 447 1653 deesse
478 1622 576 1651 non
606 1604 750 1660 solet,
781 1607 848 1650 sic
879 1602 1124 1665 epistulae
1155 1610 1356 1649 nostrae
1386 1604 1578 1651 debent
1605 1607 1757 1652 inter-

220 1680 246 1719 2
271 1674 389 1720 dum
437 1672 688 1718 alucinari.
767 1671 1102 1717 Tenediorum
1148 1673 1303 1733 igitur
1347 1669 1552 1717 libertas
1598 1676 1754 1719 securi

270 1740 491 1785 Tenedia
515 1742 737 1800 praecisa
762 1745 856 1793 est,
878 1755 991 1784 cum
1015 1754 1098 1783 eos
1120 1744 1324 1799 praeter
1345 1754 1426 1784 me
1450 1745 1503 1784 et
1525 1738 1754 1785 Bibulum

221 1814 246 1854 3
273 1814 325 1854 et
349 1806 596 1852 Calidium
622 1813 675 1852 et
700 1806 973 1851 Favonium
999 1821 1147 1850 nemo
1172 1803 1487 1851 defenderet.
1547 1806 1627 1852 De
1652 1812 1704 1853 te
1728 1823 1758 1853 a

394 1913 406 1937 ¹
439 1928 495 1954 sc.
519 1916 739 1960 μελεδωνας
761 1912 1027 1953 Lambinus:
1068 1914 1135 1952 τὰς
1164 1914 1381 1959 μεληδόνας
1403 1911 1487 1953 Ed.
1515 1912 1636 1954 Crat.

330 2023 347 2041 ‘¹
380 1991 471 2057 lhe
512 2032 663 2058 source
704 2018 752 2057 ol
801 2018 884 2057 this
933 2022 1053 2069 quoi
1057 2018 1160 2056 ilion
1206 2018 1238 2055 is
1281 2015 1521 2063 unknown,
1565 2017 1642 2057 but
1683 2018 1755 2059 the

274 2073 482 2121 meming
511 2086 649 2111 seems
684 2075 728 2112 to
768 2071 858 2111 be
866 2071 1029 2111 Ἵῖὴιῒ
1059 2070 1201 2110 would
1233 2084 1319 2122 you
1359 2071 1470 2110 have
1508 2070 1637 2118 donc,
1668 2072 1754 2112 had

274 2140 359 2177 you
393 2126 501 2165 been
534 2139 590 2165 on
622 2125 696 2165 the
727 2129 860 2177 spot?
919 2124 1023 2165 And
1055 2123 1213 2165 indeed
1243 2124 1365 2165 there
1396 2126 1431 2165 is
1462 2125 1594 2165 much
1627 2129 1671 2166 to
1703 2126 1756 2167 be

272 2181 455 2219 anxious
476 2179 658 2219 about.’'

333 2233 451 2273 Νο
473 2233 580 2272 such
604 2246 790 2284 passage
811 2245 998 2283 appears
1020 2232 1064 2272 in
1087 2230 1341 2283 Sophocles’
1364 2229 1483 2284 play.

333 2291 347 2310 ⁶
384 2286 592 2326 codicilli
617 2301 727 2326 were
752 2286 910 2326 tablcts
936 2285 1065 2325 made
1090 2285 1139 2325 of
1160 2285 1254 2325 thin
1279 2286 1422 2337 pieces
1446 2284 1496 2325 of
1516 2284 1641 2326 wood
1665 2286 1753 2327 and

271 2340 453 2381 covered
477 2341 579 2379 with
603 2354 711 2387 wax,
737 2340 841 2379 used
866 2342 906 2379 in
930 2352 1050 2379 cases
1073 2339 1121 2378 of
1139 2351 1334 2391 urgency
1355 2337 1444 2378 and
1466 2338 1602 2379 haste.

329 2393 347 2417 ‘¹
378 2394 470 2433 The
501 2394 771 2433 inhabitants
801 2393 850 2433 of
874 2393 1074 2433 Tenedos
1106 2392 1192 2432 had
1223 2391 1462 2444 petitioned
1490 2392 1566 2433 the
1594 2392 1754 2433 Senate

271 2446 338 2488 for
356 2461 476 2487 some
495 2461 692 2487 measure
710 2448 759 2487 of
774 2446 1115 2497 indi-pendence,
1136 2446 1276 2486 which
1295 2446 1369 2486 the
1386 2446 1548 2486 Senate
1566 2446 1751 2487 refused.

328 2507 342 2524 ⁰
378 2502 413 2541 A
436 2500 680 2553 proverbial
701 2503 949 2553 expression
970 2501 1037 2541 for
1057 2513 1283 2553 summary
1303 2501 1530 2542 execution
1549 2515 1562 2545 ς
1598 2499 1752 2548 Tenes.

270 2563 366 2613 516
