<?xml version="1.0" encoding="UTF-8"?>
<!DOCTYPE html PUBLIC "-//W3C//DTD XHTML 1.0 Transitional//EN"
    "http://www.w3.org/TR/xhtml1/DTD/xhtml1-transitional.dtd">
<html xmlns="http://www.w3.org/1999/xhtml" xml:lang="en" lang="en">
 <head>
  <title>
</title>
<meta http-equiv="Content-Type" content="text/html;charset=utf-8" />
  <meta name='ocr-system' content='tesseract 3.04.00' />
  <meta name='ocr-capabilities' content='ocr_page ocr_carea ocr_par ocr_line ocrx_word'/>
</head>
<body>
  <div class='ocr_page' id='page_1' title='image "./letterstohisfrie03ciceuoft_0334.png"; bbox 0 0 1837 3029; ppageno 0'>
   <div class='ocr_carea' id='block_1_1' title="bbox 184 1087 204 1128">
    <p class='ocr_par' dir='ltr' id='par_1_1' title="bbox 184 1087 204 1128">
     <span class='ocr_line' id='line_1_1' title="bbox 184 1087 204 1128; baseline 0 0"><span class='ocrx_word' id='word_1_1' title='bbox 184 1087 204 1128; x_wconf 92' lang='lat'>1</span> 
     </span>
    </p>
   </div>
   <div class='ocr_carea' id='block_1_2' title="bbox 183 1624 207 1662">
    <p class='ocr_par' dir='ltr' id='par_1_2' title="bbox 183 1624 207 1662">
     <span class='ocr_line' id='line_1_2' title="bbox 183 1624 207 1662; textangle 90"><span class='ocrx_word' id='word_1_2' title='bbox 183 1624 207 1662; x_wconf 59' lang='lat'>{3</span> 
     </span>
    </p>
   </div>
   <div class='ocr_carea' id='block_1_3' title="bbox 845 181 1094 228">
    <p class='ocr_par' dir='ltr' id='par_1_3' title="bbox 845 181 1094 228">
     <span class='ocr_line' id='line_1_3' title="bbox 845 181 1094 228; baseline -0.004 0"><span class='ocrx_word' id='word_1_3' title='bbox 845 181 1094 228; x_wconf 77' lang='lat' dir='ltr'>CICERO</span> 
     </span>
    </p>
   </div>
   <div class='ocr_carea' id='block_1_4' title="bbox 227 307 1717 642">
    <p class='ocr_par' dir='ltr' id='par_1_4' title="bbox 227 307 1717 642">
     <span class='ocr_line' id='line_1_4' title="bbox 227 307 1715 371; baseline 0.001 -14"><span class='ocrx_word' id='word_1_4' title='bbox 227 309 514 358; x_wconf 80' lang='lat' dir='ltr'>mehercule</span> <span class='ocrx_word' id='word_1_5' title='bbox 532 315 656 371; x_wconf 82' lang='lat' dir='ltr'>puto</span> <span class='ocrx_word' id='word_1_6' title='bbox 672 315 726 355; x_wconf 87' lang='lat' dir='ltr'>te</span> <span class='ocrx_word' id='word_1_7' title='bbox 751 311 1008 370; x_wconf 84' lang='lat' dir='ltr'>sapienter</span> <span class='ocrx_word' id='word_1_8' title='bbox 1027 307 1298 364; x_wconf 79' lang='lat' dir='ltr'>facturum,</span> <span class='ocrx_word' id='word_1_9' title='bbox 1314 311 1353 354; x_wconf 89' lang='lat' dir='ltr'>si</span> <span class='ocrx_word' id='word_1_10' title='bbox 1371 308 1715 359; x_wconf 79' lang='grc' dir='ltr'>ἀκενόσπυυδος</span> 
     </span>
     <span class='ocr_line' id='line_1_5' title="bbox 228 377 1714 439; baseline 0 -15"><span class='ocrx_word' id='word_1_11' title='bbox 228 378 397 424; x_wconf 89' lang='lat' dir='ltr'>fueris.</span> <span class='ocrx_word' id='word_1_12' title='bbox 461 377 616 423; x_wconf 86' lang='lat' dir='ltr'>Nobis</span> <span class='ocrx_word' id='word_1_13' title='bbox 645 377 869 439; x_wconf 79' lang='lat' dir='ltr'>quidem,</span> <span class='ocrx_word' id='word_1_14' title='bbox 899 379 983 437; x_wconf 91' lang='lat' dir='ltr'>qui</span> <span class='ocrx_word' id='word_1_15' title='bbox 1013 383 1066 421; x_wconf 81' lang='lat' dir='ltr'>te</span> <span class='ocrx_word' id='word_1_16' title='bbox 1097 392 1342 430; x_wconf 83' lang='lat' dir='ltr'>amamus,</span> <span class='ocrx_word' id='word_1_17' title='bbox 1371 379 1468 422; x_wconf 79' lang='lat' dir='ltr'>erit</span> <span class='ocrx_word' id='word_1_18' title='bbox 1495 383 1714 439; x_wconf 84' lang='lat' dir='ltr'>gratum.</span> 
     </span>
     <span class='ocr_line' id='line_1_6' title="bbox 231 441 1715 505; baseline -0.001 -14"><span class='ocrx_word' id='word_1_19' title='bbox 231 446 315 500; x_wconf 79' lang='lat' dir='ltr'>Et,</span> <span class='ocrx_word' id='word_1_20' title='bbox 351 445 532 490; x_wconf 85' lang='lat' dir='ltr'>amabo</span> <span class='ocrx_word' id='word_1_21' title='bbox 571 450 643 497; x_wconf 87' lang='lat' dir='ltr'>te,</span> <span class='ocrx_word' id='word_1_22' title='bbox 677 460 791 489; x_wconf 93' lang='lat' dir='ltr'>cum</span> <span class='ocrx_word' id='word_1_23' title='bbox 835 443 977 489; x_wconf 91' lang='lat' dir='ltr'>dabis</span> <span class='ocrx_word' id='word_1_24' title='bbox 1018 441 1228 504; x_wconf 85' lang='lat' dir='ltr'>posthac</span> <span class='ocrx_word' id='word_1_25' title='bbox 1275 441 1464 505; x_wconf 89' lang='lat' dir='ltr'>aliquid</span> <span class='ocrx_word' id='word_1_26' title='bbox 1510 444 1715 490; x_wconf 88' lang='lat' dir='ltr'>domum</span> 
     </span>
     <span class='ocr_line' id='line_1_7' title="bbox 229 509 1717 573; baseline -0.001 -15"><span class='ocrx_word' id='word_1_27' title='bbox 229 513 530 565; x_wconf 83' lang='lat' dir='ltr'>litterarum,</span> <span class='ocrx_word' id='word_1_28' title='bbox 568 513 667 555; x_wconf 92' lang='lat' dir='ltr'>mei</span> <span class='ocrx_word' id='word_1_29' title='bbox 705 513 1009 555; x_wconf 89' lang='lat' dir='ltr'>memineris.</span> <span class='ocrx_word' id='word_1_30' title='bbox 1082 509 1192 572; x_wconf 86' lang='lat' dir='ltr'>Ego</span> <span class='ocrx_word' id='word_1_31' title='bbox 1230 526 1506 572; x_wconf 84' lang='lat' dir='ltr'>numquam</span> <span class='ocrx_word' id='word_1_32' title='bbox 1543 526 1717 573; x_wconf 90' lang='lat' dir='ltr'>quem—</span> 
     </span>
     <span class='ocr_line' id='line_1_8' title="bbox 229 575 1715 642; baseline 0 -17"><span class='ocrx_word' id='word_1_33' title='bbox 229 595 380 642; x_wconf 82' lang='lat' dir='ltr'>quam</span> <span class='ocrx_word' id='word_1_34' title='bbox 412 578 475 623; x_wconf 87' lang='lat' dir='ltr'>ad</span> <span class='ocrx_word' id='word_1_35' title='bbox 500 585 571 631; x_wconf 86' lang='lat' dir='ltr'>te,</span> <span class='ocrx_word' id='word_1_36' title='bbox 594 593 707 622; x_wconf 90' lang='lat' dir='ltr'>cum</span> <span class='ocrx_word' id='word_1_37' title='bbox 737 580 908 631; x_wconf 87' lang='lat' dir='ltr'>sciam,</span> <span class='ocrx_word' id='word_1_38' title='bbox 931 580 1037 622; x_wconf 84' lang='lat' dir='ltr'>sine</span> <span class='ocrx_word' id='word_1_39' title='bbox 1063 580 1187 622; x_wconf 85' lang='lat' dir='ltr'>meis</span> <span class='ocrx_word' id='word_1_40' title='bbox 1212 575 1393 622; x_wconf 84' lang='lat' dir='ltr'>litteris</span> <span class='ocrx_word' id='word_1_41' title='bbox 1429 579 1500 622; x_wconf 90' lang='lat' dir='ltr'>ire</span> <span class='ocrx_word' id='word_1_42' title='bbox 1536 581 1715 639; x_wconf 83' lang='lat' dir='ltr'>patiar.</span> 
     </span>
    </p>
   </div>
   <div class='ocr_carea' id='block_1_5' title="bbox 609 887 1339 1027">
    <p class='ocr_par' dir='ltr' id='par_1_5' title="bbox 609 887 1339 1027">
     <span class='ocr_line' id='line_1_9' title="bbox 609 887 1339 920; baseline 0 0"><span class='ocrx_word' id='word_1_43' title='bbox 609 888 663 920; x_wconf 78' lang='grc' dir='ltr'>Μ.</span> <span class='ocrx_word' id='word_1_44' title='bbox 700 888 744 919; x_wconf 85' lang='grc' dir='ltr'>Τ.</span> <span class='ocrx_word' id='word_1_45' title='bbox 783 888 822 919; x_wconf 70' lang='grc' dir='ltr'>Γ.</span> <span class='ocrx_word' id='word_1_46' title='bbox 860 888 896 919; x_wconf 88' lang='lat' dir='ltr'>S.</span> <span class='ocrx_word' id='word_1_47' title='bbox 936 889 978 918; x_wconf 88' lang='lat' dir='ltr'>P.</span> <span class='ocrx_word' id='word_1_48' title='bbox 1018 888 1062 918; x_wconf 81' lang='lat' dir='ltr'>D.</span> <span class='ocrx_word' id='word_1_49' title='bbox 1101 888 1141 919; x_wconf 83' lang='lat' dir='ltr'>C.</span> <span class='ocrx_word' id='word_1_50' title='bbox 1179 887 1339 920; x_wconf 71' lang='lat' dir='ltr'>sASSIO</span> 
     </span>
     <span class='ocr_line' id='line_1_10' title="bbox 751 981 1205 1027; baseline 0.002 -7"><span class='ocrx_word' id='word_1_51' title='bbox 751 981 932 1027; x_wconf 74' lang='lat' dir='ltr'>Romae,</span> <span class='ocrx_word' id='word_1_52' title='bbox 954 995 1086 1021; x_wconf 72' lang='lat' dir='ltr'>A.U.C.</span> <span class='ocrx_word' id='word_1_53' title='bbox 1109 983 1205 1021; x_wconf 64' lang='lat'>709.</span> 
     </span>
    </p>
   </div>
   <div class='ocr_carea' id='block_1_6' title="bbox 231 1075 1720 1938">
    <p class='ocr_par' dir='ltr' id='par_1_6' title="bbox 231 1075 1720 1929">
     <span class='ocr_line' id='line_1_11' title="bbox 296 1075 1720 1141; baseline -0.001 -17"><span class='ocrx_word' id='word_1_54' title='bbox 296 1078 514 1141; x_wconf 79' lang='lat' dir='ltr'>Longior</span> <span class='ocrx_word' id='word_1_55' title='bbox 535 1076 750 1139; x_wconf 80' lang='lat' dir='ltr'>epistula</span> <span class='ocrx_word' id='word_1_56' title='bbox 769 1075 965 1129; x_wconf 83' lang='lat' dir='ltr'>fuisset,</span> <span class='ocrx_word' id='word_1_57' title='bbox 986 1079 1076 1121; x_wconf 89' lang='lat' dir='ltr'>nisi</span> <span class='ocrx_word' id='word_1_58' title='bbox 1100 1092 1159 1122; x_wconf 92' lang='lat' dir='ltr'>eo</span> <span class='ocrx_word' id='word_1_59' title='bbox 1179 1079 1286 1138; x_wconf 88' lang='lat' dir='ltr'>ipso</span> <span class='ocrx_word' id='word_1_60' title='bbox 1306 1082 1536 1138; x_wconf 85' lang='lat' dir='ltr'>tempore</span> <span class='ocrx_word' id='word_1_61' title='bbox 1556 1080 1720 1139; x_wconf 80' lang='lat' dir='ltr'>petita</span> 
     </span>
     <span class='ocr_line' id='line_1_12' title="bbox 232 1143 1720 1207; baseline -0.003 -15"><span class='ocrx_word' id='word_1_62' title='bbox 232 1153 366 1192; x_wconf 76' lang='lat' dir='ltr'>esset</span> <span class='ocrx_word' id='word_1_63' title='bbox 403 1163 431 1191; x_wconf 88' lang='lat' dir='ltr'>a</span> <span class='ocrx_word' id='word_1_64' title='bbox 467 1161 566 1199; x_wconf 88' lang='lat' dir='ltr'>me,</span> <span class='ocrx_word' id='word_1_65' title='bbox 602 1160 715 1189; x_wconf 90' lang='lat' dir='ltr'>cum</span> <span class='ocrx_word' id='word_1_66' title='bbox 752 1147 851 1189; x_wconf 90' lang='lat' dir='ltr'>iam</span> <span class='ocrx_word' id='word_1_67' title='bbox 887 1147 1045 1188; x_wconf 84' lang='lat' dir='ltr'>iretur</span> <span class='ocrx_word' id='word_1_68' title='bbox 1081 1144 1145 1190; x_wconf 86' lang='lat' dir='ltr'>ad</span> <span class='ocrx_word' id='word_1_69' title='bbox 1181 1150 1270 1198; x_wconf 80' lang='lat' dir='ltr'>te3</span> <span class='ocrx_word' id='word_1_70' title='bbox 1317 1143 1511 1207; x_wconf 84' lang='lat' dir='ltr'>longior</span> <span class='ocrx_word' id='word_1_71' title='bbox 1547 1148 1720 1200; x_wconf 84' lang='lat' dir='ltr'>etiam,</span> 
     </span>
     <span class='ocr_line' id='line_1_13' title="bbox 232 1209 1719 1273; baseline -0.001 -14"><span class='ocrx_word' id='word_1_72' title='bbox 232 1217 270 1259; x_wconf 79' lang='lat' dir='ltr'>si</span> <span class='ocrx_word' id='word_1_73' title='bbox 303 1213 522 1272; x_wconf 71' lang='grc' dir='ltr'>φλύαρον</span> <span class='ocrx_word' id='word_1_74' title='bbox 553 1211 771 1273; x_wconf 86' lang='lat' dir='ltr'>aliquem</span> <span class='ocrx_word' id='word_1_75' title='bbox 805 1209 1099 1265; x_wconf 85' lang='lat' dir='ltr'>habuisset3</span> <span class='ocrx_word' id='word_1_76' title='bbox 1148 1226 1265 1256; x_wconf 90' lang='lat' dir='ltr'>nam</span> <span class='ocrx_word' id='word_1_77' title='bbox 1300 1211 1577 1273; x_wconf 77' lang='grc' dir='ltr'>σπουδάζειν</span> <span class='ocrx_word' id='word_1_78' title='bbox 1613 1214 1719 1257; x_wconf 90' lang='lat' dir='ltr'>sine</span> 
     </span>
     <span class='ocr_line' id='line_1_14' title="bbox 232 1276 1720 1342; baseline -0.001 -16"><span class='ocrx_word' id='word_1_79' title='bbox 232 1279 452 1342; x_wconf 90' lang='lat' dir='ltr'>periculo</span> <span class='ocrx_word' id='word_1_80' title='bbox 480 1281 560 1325; x_wconf 90' lang='lat' dir='ltr'>vix</span> <span class='ocrx_word' id='word_1_81' title='bbox 588 1293 867 1340; x_wconf 89' lang='lat' dir='ltr'>possumus.</span> <span class='ocrx_word' id='word_1_82' title='bbox 931 1276 1113 1323; x_wconf 83' lang='lat' dir='ltr'>Ridere</span> <span class='ocrx_word' id='word_1_83' title='bbox 1142 1280 1313 1340; x_wconf 84' lang='lat' dir='ltr'>igitur,</span> <span class='ocrx_word' id='word_1_84' title='bbox 1340 1280 1522 1340; x_wconf 89' lang='lat' dir='ltr'>inquis,</span> <span class='ocrx_word' id='word_1_85' title='bbox 1549 1294 1720 1340; x_wconf 86' lang='lat' dir='ltr'>possu-</span> 
     </span>
     <span class='ocr_line' id='line_1_15' title="bbox 232 1342 1718 1393; baseline -0.003 0"><span class='ocrx_word' id='word_1_86' title='bbox 232 1363 357 1393; x_wconf 87' lang='lat' dir='ltr'>mus.</span> <span class='ocrx_word' id='word_1_87' title='bbox 419 1345 531 1391; x_wconf 90' lang='lat' dir='ltr'>Non</span> <span class='ocrx_word' id='word_1_88' title='bbox 556 1343 844 1390; x_wconf 87' lang='lat' dir='ltr'>mehercule</span> <span class='ocrx_word' id='word_1_89' title='bbox 870 1342 1120 1390; x_wconf 81' lang='lat' dir='ltr'>facillime.</span> <span class='ocrx_word' id='word_1_90' title='bbox 1181 1343 1546 1391; x_wconf 83' lang='lat' dir='ltr'>Verumtamen</span> <span class='ocrx_word' id='word_1_91' title='bbox 1571 1344 1718 1390; x_wconf 86' lang='lat' dir='ltr'>aliam</span> 
     </span>
     <span class='ocr_line' id='line_1_16' title="bbox 233 1409 1720 1475; baseline -0.001 -15"><span class='ocrx_word' id='word_1_92' title='bbox 233 1415 604 1460; x_wconf 81' lang='lat' dir='ltr'>aberrationem</span> <span class='ocrx_word' id='word_1_93' title='bbox 622 1429 651 1457; x_wconf 91' lang='lat' dir='ltr'>a</span> <span class='ocrx_word' id='word_1_94' title='bbox 666 1411 908 1457; x_wconf 82' lang='lat' dir='ltr'>molestiis</span> <span class='ocrx_word' id='word_1_95' title='bbox 925 1410 1111 1456; x_wconf 86' lang='lat' dir='ltr'>nullam</span> <span class='ocrx_word' id='word_1_96' title='bbox 1129 1409 1390 1457; x_wconf 89' lang='lat' dir='ltr'>habemus.</span> <span class='ocrx_word' id='word_1_97' title='bbox 1434 1411 1532 1457; x_wconf 91' lang='lat' dir='ltr'>Ubi</span> <span class='ocrx_word' id='word_1_98' title='bbox 1550 1414 1720 1475; x_wconf 84' lang='lat' dir='ltr'>igitur,</span> 
     </span>
     <span class='ocr_line' id='line_1_17' title="bbox 232 1477 1720 1543; baseline -0.001 -17"><span class='ocrx_word' id='word_1_99' title='bbox 232 1484 445 1543; x_wconf 86' lang='lat' dir='ltr'>inquies,</span> <span class='ocrx_word' id='word_1_100' title='bbox 491 1477 841 1542; x_wconf 88' lang='lat' dir='ltr'>philosophia?</span> <span class='ocrx_word' id='word_1_101' title='bbox 915 1478 1024 1524; x_wconf 91' lang='lat' dir='ltr'>Tua</span> <span class='ocrx_word' id='word_1_102' title='bbox 1073 1478 1279 1540; x_wconf 91' lang='lat' dir='ltr'>quidem</span> <span class='ocrx_word' id='word_1_103' title='bbox 1331 1478 1565 1534; x_wconf 83' lang='lat' dir='ltr'>iucunda,</span> <span class='ocrx_word' id='word_1_104' title='bbox 1606 1494 1720 1524; x_wconf 89' lang='lat' dir='ltr'>mea</span> 
     </span>
     <span class='ocr_line' id='line_1_18' title="bbox 232 1543 1720 1608; baseline -0.002 -15"><span class='ocrx_word' id='word_1_105' title='bbox 232 1547 467 1594; x_wconf 88' lang='lat' dir='ltr'>molesta1</span> <span class='ocrx_word' id='word_1_106' title='bbox 495 1553 572 1592; x_wconf 83' lang='lat' dir='ltr'>est</span> <span class='ocrx_word' id='word_1_107' title='bbox 596 1562 607 1592; x_wconf 77' lang='lat' dir='ltr'>t</span> <span class='ocrx_word' id='word_1_108' title='bbox 649 1545 812 1608; x_wconf 86' lang='lat' dir='ltr'>pudet</span> <span class='ocrx_word' id='word_1_109' title='bbox 838 1548 971 1590; x_wconf 91' lang='lat' dir='ltr'>enim</span> <span class='ocrx_word' id='word_1_110' title='bbox 997 1548 1198 1591; x_wconf 83' lang='lat' dir='ltr'>servire.</span> <span class='ocrx_word' id='word_1_111' title='bbox 1277 1543 1459 1608; x_wconf 87' lang='lat' dir='ltr'>Itaque</span> <span class='ocrx_word' id='word_1_112' title='bbox 1485 1543 1613 1591; x_wconf 89' lang='lat' dir='ltr'>facio</span> <span class='ocrx_word' id='word_1_113' title='bbox 1638 1561 1720 1591; x_wconf 93' lang='lat' dir='ltr'>me</span> 
     </span>
     <span class='ocr_line' id='line_1_19' title="bbox 233 1611 1719 1677; baseline -0.001 -17"><span class='ocrx_word' id='word_1_114' title='bbox 233 1615 352 1660; x_wconf 84' lang='lat' dir='ltr'>alias</span> <span class='ocrx_word' id='word_1_115' title='bbox 383 1630 462 1660; x_wconf 92' lang='lat' dir='ltr'>res</span> <span class='ocrx_word' id='word_1_116' title='bbox 494 1628 664 1677; x_wconf 83' lang='lat' dir='ltr'>agere,</span> <span class='ocrx_word' id='word_1_117' title='bbox 695 1629 758 1658; x_wconf 92' lang='lat' dir='ltr'>ne</span> <span class='ocrx_word' id='word_1_118' title='bbox 790 1615 1067 1658; x_wconf 90' lang='lat' dir='ltr'>convicium</span> <span class='ocrx_word' id='word_1_119' title='bbox 1101 1611 1323 1658; x_wconf 84' lang='lat' dir='ltr'>Platonis</span> <span class='ocrx_word' id='word_1_120' title='bbox 1355 1612 1572 1658; x_wconf 85' lang='lat' dir='ltr'>audiam.</span> <span class='ocrx_word' id='word_1_121' title='bbox 1640 1611 1719 1658; x_wconf 92' lang='lat' dir='ltr'>De</span> 
     </span>
     <span class='ocr_line' id='line_1_20' title="bbox 234 1678 1719 1744; baseline -0.003 -16"><span class='ocrx_word' id='word_1_122' title='bbox 234 1682 478 1744; x_wconf 86' lang='lat' dir='ltr'>Hispania</span> <span class='ocrx_word' id='word_1_123' title='bbox 513 1679 633 1726; x_wconf 90' lang='lat' dir='ltr'>nihil</span> <span class='ocrx_word' id='word_1_124' title='bbox 672 1678 835 1725; x_wconf 90' lang='lat' dir='ltr'>adhuc</span> <span class='ocrx_word' id='word_1_125' title='bbox 871 1682 1014 1734; x_wconf 81' lang='lat' dir='ltr'>certi,</span> <span class='ocrx_word' id='word_1_126' title='bbox 1051 1678 1172 1724; x_wconf 92' lang='lat' dir='ltr'>nihil</span> <span class='ocrx_word' id='word_1_127' title='bbox 1209 1682 1411 1725; x_wconf 91' lang='lat' dir='ltr'>omnino</span> <span class='ocrx_word' id='word_1_128' title='bbox 1448 1682 1578 1726; x_wconf 88' lang='lat' dir='ltr'>novi.</span> <span class='ocrx_word' id='word_1_129' title='bbox 1647 1678 1719 1724; x_wconf 91' lang='lat' dir='ltr'>Te</span> 
     </span>
     <span class='ocr_line' id='line_1_21' title="bbox 232 1744 1719 1809; baseline -0.002 -14"><span class='ocrx_word' id='word_1_130' title='bbox 232 1750 426 1803; x_wconf 87' lang='lat' dir='ltr'>abesse,</span> <span class='ocrx_word' id='word_1_131' title='bbox 458 1763 574 1793; x_wconf 87' lang='lat' dir='ltr'>mea</span> <span class='ocrx_word' id='word_1_132' title='bbox 609 1763 759 1792; x_wconf 87' lang='lat' dir='ltr'>causa</span> <span class='ocrx_word' id='word_1_133' title='bbox 794 1745 1007 1792; x_wconf 85' lang='lat' dir='ltr'>moleste</span> <span class='ocrx_word' id='word_1_134' title='bbox 1043 1745 1169 1802; x_wconf 87' lang='lat' dir='ltr'>fero,</span> <span class='ocrx_word' id='word_1_135' title='bbox 1201 1753 1291 1792; x_wconf 81' lang='lat' dir='ltr'>tua</span> <span class='ocrx_word' id='word_1_136' title='bbox 1337 1746 1552 1809; x_wconf 85' lang='lat' dir='ltr'>gaudeo.</span> <span class='ocrx_word' id='word_1_137' title='bbox 1619 1744 1719 1792; x_wconf 91' lang='lat' dir='ltr'>Sed</span> 
     </span>
     <span class='ocr_line' id='line_1_22' title="bbox 231 1812 1720 1879; baseline -0.001 -18"><span class='ocrx_word' id='word_1_138' title='bbox 231 1815 430 1879; x_wconf 81' lang='lat' dir='ltr'>flagitat</span> <span class='ocrx_word' id='word_1_139' title='bbox 448 1813 754 1861; x_wconf 84' lang='lat' dir='ltr'>tabellarius.</span> <span class='ocrx_word' id='word_1_140' title='bbox 808 1812 1010 1860; x_wconf 91' lang='lat' dir='ltr'>Valebis</span> <span class='ocrx_word' id='word_1_141' title='bbox 1028 1816 1200 1877; x_wconf 84' lang='lat' dir='ltr'>igitur,</span> <span class='ocrx_word' id='word_1_142' title='bbox 1218 1829 1421 1877; x_wconf 92' lang='lat' dir='ltr'>meque,</span> <span class='ocrx_word' id='word_1_143' title='bbox 1440 1820 1498 1860; x_wconf 83' lang='lat' dir='ltr'>ut</span> <span class='ocrx_word' id='word_1_144' title='bbox 1516 1829 1546 1859; x_wconf 91' lang='lat' dir='ltr'>a</span> <span class='ocrx_word' id='word_1_145' title='bbox 1563 1829 1720 1876; x_wconf 85' lang='lat' dir='ltr'>puero</span> 
     </span>
     <span class='ocr_line' id='line_1_23' title="bbox 233 1882 643 1938; baseline -0.005 -9"><span class='ocrx_word' id='word_1_146' title='bbox 233 1883 413 1938; x_wconf 86' lang='lat' dir='ltr'>fecisti,</span> <span class='ocrx_word' id='word_1_147' title='bbox 437 1882 643 1927; x_wconf 89' lang='lat' dir='ltr'>amabis.</span> 
     </span>
    </p>
   </div>
   <div class='ocr_carea' id='block_1_7' title="bbox 235 1975 1719 2191">
    <p class='ocr_par' dir='ltr' id='par_1_7' title="bbox 235 1975 1719 2191">
     <span class='ocr_line' id='line_1_24' title="bbox 294 1975 1719 2030; baseline -0.001 -12"><span class='ocrx_word' id='word_1_148' title='bbox 294 1979 307 2002; x_wconf 80' lang='lat'>¹</span> <span class='ocrx_word' id='word_1_149' title='bbox 341 1979 401 2030; x_wconf 79' lang='lat' dir='ltr'>Ty</span> <span class='ocrx_word' id='word_1_150' title='bbox 405 1978 511 2018; x_wconf 81' lang='lat' dir='ltr'>rreIl</span> <span class='ocrx_word' id='word_1_151' title='bbox 545 1978 621 2017; x_wconf 76' lang='lat' dir='ltr'>has</span> <span class='ocrx_word' id='word_1_152' title='bbox 655 1981 731 2017; x_wconf 89' lang='lat' dir='ltr'>tua</span> <span class='ocrx_word' id='word_1_153' title='bbox 759 1975 940 2029; x_wconf 89' lang='lat' dir='ltr'>quidem</span> <span class='ocrx_word' id='word_1_154' title='bbox 969 1978 1012 2016; x_wconf 91' lang='lat' dir='ltr'>in</span> <span class='ocrx_word' id='word_1_155' title='bbox 1046 1975 1208 2023; x_wconf 83' lang='lat' dir='ltr'>culina,</span> <span class='ocrx_word' id='word_1_156' title='bbox 1238 1989 1336 2016; x_wconf 85' lang='lat' dir='ltr'>mea</span> <span class='ocrx_word' id='word_1_157' title='bbox 1370 1975 1553 2016; x_wconf 84' lang='lat' dir='ltr'>molesta</span> <span class='ocrx_word' id='word_1_158' title='bbox 1580 1977 1719 2017; x_wconf 77' lang='lat' dir='ltr'>estin</span> 
     </span>
     <span class='ocr_line' id='line_1_25' title="bbox 235 2007 1719 2082; baseline -0.002 -9"><span class='ocrx_word' id='word_1_159' title='bbox 235 2034 301 2074; x_wconf 75' lang='lat' dir='ltr'>his</span> <span class='ocrx_word' id='word_1_160' title='bbox 322 2037 422 2079; x_wconf 75' lang='lat' dir='ltr'>tert,</span> <span class='ocrx_word' id='word_1_161' title='bbox 443 2032 653 2082; x_wconf 73' lang='lat' dir='ltr'>rejectiny</span> <span class='ocrx_word' id='word_1_162' title='bbox 678 2031 925 2070; x_wconf 66' lang='lat' dir='ltr'>Blanute&#39;ns&#39;</span> <span class='ocrx_word' id='word_1_163' title='bbox 929 2046 949 2070; x_wconf 75' lang='lat'><em>3</em></span> <span class='ocrx_word' id='word_1_164' title='bbox 971 2032 1013 2070; x_wconf 88' lang='lat' dir='ltr'>in</span> <span class='ocrx_word' id='word_1_165' title='bbox 1035 2007 1253 2082; x_wconf 76' lang='lat' dir='ltr'>palaest&#39;ra</span> <span class='ocrx_word' id='word_1_166' title='bbox 1264 2030 1345 2082; x_wconf 84' lang='lat' dir='ltr'>sor</span> <span class='ocrx_word' id='word_1_167' title='bbox 1367 2029 1578 2076; x_wconf 84' lang='lat' dir='ltr'>molesta·</span> <span class='ocrx_word' id='word_1_168' title='bbox 1611 2030 1719 2070; x_wconf 78' lang='lat' dir='ltr'>later</span> 
     </span>
     <span class='ocr_line' id='line_1_26' title="bbox 235 2061 1718 2138; baseline -0.002 -11"><span class='ocrx_word' id='word_1_169' title='bbox 235 2102 289 2128; x_wconf 87' lang='lat' dir='ltr'>on</span> <span class='ocrx_word' id='word_1_170' title='bbox 317 2088 365 2126; x_wconf 79' lang='lat' dir='ltr'>he</span> <span class='ocrx_word' id='word_1_171' title='bbox 389 2099 595 2138; x_wconf 78' lang='lat' dir='ltr'>proposes</span> <span class='ocrx_word' id='word_1_172' title='bbox 624 2084 814 2125; x_wconf 88' lang='lat' dir='ltr'>iucunda</span> <span class='ocrx_word' id='word_1_173' title='bbox 835 2085 915 2136; x_wconf 86' lang='lat' dir='ltr'>for</span> <span class='ocrx_word' id='word_1_174' title='bbox 943 2087 984 2124; x_wconf 92' lang='lat' dir='ltr'>in</span> <span class='ocrx_word' id='word_1_175' title='bbox 1014 2084 1429 2132; x_wconf 73' lang='lat' dir='ltr'>culina,u}1;ch‚as</span> <span class='ocrx_word' id='word_1_176' title='bbox 1457 2061 1635 2136; x_wconf 60' lang='grc' dir='ltr'>ωειλ-ἔπῃ</span> <span class='ocrx_word' id='word_1_177' title='bbox 1661 2099 1718 2124; x_wconf 78' lang='grc' dir='ltr'>(ιη</span> 
     </span>
     <span class='ocr_line' id='line_1_27' title="bbox 235 2138 1295 2191; baseline -0.004 -9"><span class='ocrx_word' id='word_1_178' title='bbox 235 2143 407 2182; x_wconf 58' lang='grc' dir='ltr'>οόνοιινθ.</span> <span class='ocrx_word' id='word_1_179' title='bbox 424 2154 608 2191; x_wconf 68' lang='lat' dir='ltr'>passeaffe</span> <span class='ocrx_word' id='word_1_180' title='bbox 627 2140 903 2190; x_wconf 69' lang='lat' dir='ltr'>intelliyible.</span> <span class='ocrx_word' id='word_1_181' title='bbox 927 2138 952 2178; x_wconf 92' lang='lat' dir='ltr'>I</span> <span class='ocrx_word' id='word_1_182' title='bbox 969 2139 1074 2178; x_wconf 73' lang='lat' dir='ltr'>have</span> <span class='ocrx_word' id='word_1_183' title='bbox 1093 2139 1295 2190; x_wconf 70' lang='lat' dir='ltr'>adopted.</span> 
     </span>
    </p>
   </div>
   <div class='ocr_carea' id='block_1_8' title="bbox 277 2214 893 2220">
    <p class='ocr_par' dir='ltr' id='par_1_8' title="bbox 277 2214 893 2220">
     <span class='ocr_line' id='line_1_28' title="bbox 277 2214 893 2220; baseline 0 0"><span class='ocrx_word' id='word_1_184' title='bbox 277 2214 893 2220; x_wconf 95' lang='lat' dir='ltr'> </span> 
     </span>
    </p>
   </div>
   <div class='ocr_carea' id='block_1_9' title="bbox 236 2253 1720 2576">
    <p class='ocr_par' dir='ltr' id='par_1_9' title="bbox 236 2253 1720 2576">
     <span class='ocr_line' id='line_1_29' title="bbox 292 2253 1719 2306; baseline -0.002 -11"><span class='ocrx_word' id='word_1_185' title='bbox 292 2261 310 2279; x_wconf 84' lang='lat'>‘¹</span> <span class='ocrx_word' id='word_1_186' title='bbox 343 2255 460 2295; x_wconf 85' lang='lat' dir='ltr'>Such</span> <span class='ocrx_word' id='word_1_187' title='bbox 479 2269 526 2295; x_wconf 88' lang='lat' dir='ltr'>as</span> <span class='ocrx_word' id='word_1_188' title='bbox 543 2256 810 2306; x_wconf 69' lang='lat' dir='ltr'>attemptinzr</span> <span class='ocrx_word' id='word_1_189' title='bbox 827 2258 871 2294; x_wconf 81' lang='lat' dir='ltr'>to</span> <span class='ocrx_word' id='word_1_190' title='bbox 889 2257 1050 2294; x_wconf 80' lang='lat' dir='ltr'>restore</span> <span class='ocrx_word' id='word_1_191' title='bbox 1066 2253 1140 2294; x_wconf 89' lang='lat' dir='ltr'>the</span> <span class='ocrx_word' id='word_1_192' title='bbox 1155 2253 1247 2294; x_wconf 88' lang='lat' dir='ltr'>free</span> <span class='ocrx_word' id='word_1_193' title='bbox 1263 2257 1387 2294; x_wconf 86' lang='lat' dir='ltr'>state.</span> <span class='ocrx_word' id='word_1_194' title='bbox 1438 2253 1525 2294; x_wconf 88' lang='lat' dir='ltr'>But</span> <span class='ocrx_word' id='word_1_195' title='bbox 1542 2253 1719 2294; x_wconf 84' lang='lat' dir='ltr'>Cassius</span> 
     </span>
     <span class='ocr_line' id='line_1_30' title="bbox 238 2307 1234 2350; baseline -0.003 0"><span class='ocrx_word' id='word_1_196' title='bbox 238 2323 326 2350; x_wconf 90' lang='lat' dir='ltr'>was</span> <span class='ocrx_word' id='word_1_197' title='bbox 350 2314 424 2349; x_wconf 85' lang='lat' dir='ltr'>not</span> <span class='ocrx_word' id='word_1_198' title='bbox 446 2310 518 2349; x_wconf 82' lang='lat' dir='ltr'>the</span> <span class='ocrx_word' id='word_1_199' title='bbox 541 2322 642 2348; x_wconf 89' lang='lat' dir='ltr'>man</span> <span class='ocrx_word' id='word_1_200' title='bbox 666 2313 710 2348; x_wconf 86' lang='lat' dir='ltr'>to</span> <span class='ocrx_word' id='word_1_201' title='bbox 731 2308 837 2348; x_wconf 82' lang='lat' dir='ltr'>take</span> <span class='ocrx_word' id='word_1_202' title='bbox 858 2307 1024 2348; x_wconf 88' lang='lat' dir='ltr'>Cicero&#39;</span> <span class='ocrx_word' id='word_1_203' title='bbox 1028 2320 1047 2348; x_wconf 85' lang='lat' dir='ltr'>s</span> <span class='ocrx_word' id='word_1_204' title='bbox 1067 2307 1234 2348; x_wconf 87' lang='lat' dir='ltr'>advice.</span> 
     </span>
     <span class='ocr_line' id='line_1_31' title="bbox 297 2359 1718 2425; baseline -0.001 -22.933"><span class='ocrx_word' id='word_1_205' title='bbox 297 2364 421 2409; x_wconf 81' lang='lat' dir='ltr'>⁶,Or</span> <span class='ocrx_word' id='word_1_206' title='bbox 450 2377 498 2402; x_wconf 87' lang='lat' dir='ltr'>as</span> <span class='ocrx_word' id='word_1_207' title='bbox 527 2363 599 2403; x_wconf 89' lang='lat' dir='ltr'>the</span> <span class='ocrx_word' id='word_1_208' title='bbox 629 2363 798 2425; x_wconf 82' lang='lat' dir='ltr'>phrase</span> <span class='ocrx_word' id='word_1_209' title='bbox 814 2375 938 2402; x_wconf 87' lang='lat' dir='ltr'>came</span> <span class='ocrx_word' id='word_1_210' title='bbox 967 2366 1011 2402; x_wconf 89' lang='lat' dir='ltr'>to</span> <span class='ocrx_word' id='word_1_211' title='bbox 1041 2375 1186 2409; x_wconf 85' lang='lat' dir='ltr'>mean,</span> <span class='ocrx_word' id='word_1_212' title='bbox 1216 2361 1307 2402; x_wconf 86' lang='lat' dir='ltr'>“to</span> <span class='ocrx_word' id='word_1_213' title='bbox 1335 2361 1390 2401; x_wconf 91' lang='lat' dir='ltr'>be</span> <span class='ocrx_word' id='word_1_214' title='bbox 1418 2360 1601 2401; x_wconf 71' lang='lat' dir='ltr'>careless</span> <span class='ocrx_word' id='word_1_215' title='bbox 1630 2359 1718 2400; x_wconf 87' lang='lat' dir='ltr'>and</span> 
     </span>
     <span class='ocr_line' id='line_1_32' title="bbox 237 2414 1720 2467; baseline -0.002 -10"><span class='ocrx_word' id='word_1_216' title='bbox 237 2417 532 2458; x_wconf 53' lang='lat' dir='ltr'>indifferentfi</span> <span class='ocrx_word' id='word_1_217' title='bbox 599 2416 751 2456; x_wconf 74' lang='lat' dir='ltr'>Cicero</span> <span class='ocrx_word' id='word_1_218' title='bbox 789 2417 823 2455; x_wconf 87' lang='lat' dir='ltr'>is</span> <span class='ocrx_word' id='word_1_219' title='bbox 861 2417 1072 2465; x_wconf 82' lang='lat' dir='ltr'>referring</span> <span class='ocrx_word' id='word_1_220' title='bbox 1108 2420 1153 2455; x_wconf 92' lang='lat' dir='ltr'>to</span> <span class='ocrx_word' id='word_1_221' title='bbox 1190 2415 1256 2455; x_wconf 90' lang='lat' dir='ltr'>his</span> <span class='ocrx_word' id='word_1_222' title='bbox 1293 2415 1499 2467; x_wconf 87' lang='lat' dir='ltr'>teaching</span> <span class='ocrx_word' id='word_1_223' title='bbox 1535 2414 1720 2454; x_wconf 83' lang='lat' dir='ltr'>rhetoric</span> 
     </span>
     <span class='ocr_line' id='line_1_33' title="bbox 236 2467 1720 2516; baseline -0.001 -6"><span class='ocrx_word' id='word_1_224' title='bbox 236 2471 323 2511; x_wconf 84' lang='lat' dir='ltr'>and</span> <span class='ocrx_word' id='word_1_225' title='bbox 359 2471 652 2510; x_wconf 85' lang='lat' dir='ltr'>declamation</span> <span class='ocrx_word' id='word_1_226' title='bbox 689 2475 733 2510; x_wconf 82' lang='lat' dir='ltr'>to</span> <span class='ocrx_word' id='word_1_227' title='bbox 770 2470 939 2510; x_wconf 85' lang='lat' dir='ltr'>Hirtius</span> <span class='ocrx_word' id='word_1_228' title='bbox 973 2469 1061 2509; x_wconf 90' lang='lat' dir='ltr'>and</span> <span class='ocrx_word' id='word_1_229' title='bbox 1092 2467 1337 2516; x_wconf 82' lang='lat' dir='ltr'>Dolabella,</span> <span class='ocrx_word' id='word_1_230' title='bbox 1371 2468 1460 2509; x_wconf 88' lang='lat' dir='ltr'>and</span> <span class='ocrx_word' id='word_1_231' title='bbox 1497 2468 1563 2508; x_wconf 87' lang='lat' dir='ltr'>his</span> <span class='ocrx_word' id='word_1_232' title='bbox 1595 2468 1720 2508; x_wconf 80' lang='lat' dir='ltr'>other</span> 
     </span>
     <span class='ocr_line' id='line_1_34' title="bbox 237 2521 1620 2576; baseline -0.002 -11"><span class='ocrx_word' id='word_1_233' title='bbox 237 2526 478 2565; x_wconf 70' lang='lat' dir='ltr'>diversions</span> <span class='ocrx_word' id='word_1_234' title='bbox 501 2527 543 2564; x_wconf 89' lang='lat' dir='ltr'>in</span> <span class='ocrx_word' id='word_1_235' title='bbox 566 2527 634 2564; x_wconf 78' lang='lat'>46.</span> <span class='ocrx_word' id='word_1_236' title='bbox 688 2525 769 2564; x_wconf 79' lang='lat' dir='ltr'>See</span> <span class='ocrx_word' id='word_1_237' title='bbox 792 2524 864 2564; x_wconf 82' lang='lat' dir='ltr'>the</span> <span class='ocrx_word' id='word_1_238' title='bbox 886 2524 1168 2576; x_wconf 83' lang='lat' dir='ltr'>prcliminary</span> <span class='ocrx_word' id='word_1_239' title='bbox 1193 2527 1293 2563; x_wconf 85' lang='lat' dir='ltr'>note</span> <span class='ocrx_word' id='word_1_240' title='bbox 1315 2527 1359 2562; x_wconf 86' lang='lat' dir='ltr'>to</span> <span class='ocrx_word' id='word_1_241' title='bbox 1384 2522 1467 2563; x_wconf 89' lang='lat' dir='ltr'>Bk.</span> <span class='ocrx_word' id='word_1_242' title='bbox 1491 2521 1620 2563; x_wconf 84' lang='lat' dir='ltr'>XIII.</span> 
     </span>
    </p>
   </div>
   <div class='ocr_carea' id='block_1_10' title="bbox 245 2595 339 2635">
    <p class='ocr_par' dir='ltr' id='par_1_10' title="bbox 245 2595 339 2635">
     <span class='ocr_line' id='line_1_35' title="bbox 245 2595 339 2635; baseline -0.011 0"><span class='ocrx_word' id='word_1_243' title='bbox 245 2595 339 2635; x_wconf 74' lang='lat'>302</span> 
     </span>
    </p>
   </div>
  </div>
 </body>
</html>
