1837 3029
881 205 1130 253 CICERO

263 350 569 398 quamquam
593 335 761 382 videre
782 342 836 382 te
856 342 968 381 tota
987 338 1295 398 cogitatione
1315 338 1479 398 cupio,
1498 342 1672 382 tamen
1691 341 1745 382 te

263 405 464 463 penitus
484 420 622 465 rog0‚
643 419 705 448 nc
727 410 779 448 te
799 409 904 448 tam
926 402 1106 465 longae
1127 406 1435 465 navigationi
1455 410 1508 450 et
1528 406 1636 449 viae
1656 419 1746 465 per

262 466 499 523 hiemem,
519 473 609 514 nisi
634 470 765 515 bene
791 469 1005 523 firmum,
1025 473 1342 525 committas3
1372 486 1499 516 neve
1523 473 1745 533 naviges,

212 539 351 582 211isi
386 536 663 598 explorate.
731 536 825 582 Vix
858 539 908 582 in
942 540 1058 598 ipsis
1093 541 1241 583 tectis
1276 544 1329 584 et
1360 538 1556 599 oppidis
1588 535 1745 599 frigus

263 603 459 649 infirma
487 603 776 649 valetudine
806 607 1011 657 vitatur,
1041 605 1225 650 nedum
1257 607 1306 650 in
1336 607 1460 650 mari
1491 611 1544 651 et
1574 607 1652 650 via
1680 607 1744 649 sit

261 669 405 716 facile
430 670 605 716 abesse
631 671 694 716 ab
718 674 896 716 iniuria
919 675 1175 733 temporis.

482 767 655 829 ἱΡῦχος
691 769 736 814 δὲ
775 770 932 830 λεπτῷ
969 769 1115 829 χρωτὶ
1154 768 1523 830 πολεμιώτατον,

259 866 424 926 inquit
462 865 742 927 Euripides.
816 865 908 912 Cui
946 873 1003 912 tu
1043 873 1289 928 quantum
1329 866 1521 921 credas,
1559 867 1741 911 nescio.

260 931 369 993 Ego
411 939 549 978 certe
592 933 812 995 singulos
855 936 961 979 eius
1003 950 1173 979 versus
1216 933 1413 996 singula
1453 935 1744 980 testimonia

259 1006 398 1059 puto.
476 1000 647 1055 Effice,
683 1003 722 1045 si
758 1017 840 1046 me
876 1000 1058 1063 diligis,
1082 1008 1140 1047 ut
1175 1001 1359 1056 valeas,
1385 1007 1438 1047 et
1475 1007 1531 1046 ut
1555 999 1620 1046 ad
1654 1015 1743 1045 nos

259 1065 428 1111 firmus
455 1083 512 1112 ac
538 1066 707 1113 valens
734 1084 885 1130 quarn
911 1071 1128 1130 primum
1154 1071 1341 1115 venias.
1401 1069 1532 1114 Ama
1557 1083 1664 1120 nOS,
1690 1072 1744 1113 et

259 1131 383 1179 vale.
453 1133 514 1192 Q.
543 1134 594 1180 F.
621 1135 713 1180 tibi
737 1134 952 1181 salutem
977 1135 1113 1182 dicit.

530 1544 587 1578 M.
622 1545 667 1578 Τ.
704 1546 766 1577 ET
799 1547 840 1578 C.
877 1547 939 1577 ΕΤ
972 1547 1016 1583 Q.
1053 1547 1089 1578 S.
1127 1548 1171 1579 P.
1208 1547 1255 1578 D.
1291 1547 1465 1579 TIRONI

753 1665 974 1712 Brundisi,
997 1680 1127 1706 mum.
1152 1668 1246 1706 704.

210 1794 229 1835 1
321 1789 423 1836 Nos
458 1807 487 1836 a
520 1797 592 1845 te,
626 1797 684 1837 ut
717 1793 828 1846 scis,
861 1791 1177 1837 discessimus
1212 1807 1255 1837 a.
1291 1791 1339 1837 d.
1376 1806 1442 1837 1v.
1478 1789 1606 1836 Non.
1643 1789 1743 1835 No-

257 1858 446 1903 vembr.
472 1873 483 1912 3
518 1857 805 1904 Leucadem
821 1861 1049 1904 venimus
1065 1875 1107 1904 a.
1126 1858 1173 1904 d.
1190 1874 1298 1904 vm.
1318 1857 1436 1904 Idus
1453 1857 1742 1912 Novembr.;

257 1939 300 1969 a.
329 1924 377 1970 d.
406 1940 493 1970 vn.
523 1926 725 1970 Actium
752 1940 762 1979 ;
807 1925 873 1970 ibi
901 1932 1108 1987 propter
1132 1932 1497 1986 tempestatem
1524 1941 1567 1971 a.
1597 1924 1644 1971 d.
1672 1939 1738 1970 vl.

258 1990 377 2037 Idus
403 1995 583 2037 morati
609 2008 795 2038 sumus.
857 1992 982 2038 Inde
1009 2009 1052 2038 a.
1080 1992 1127 2039 d.
1156 1995 1389 2054 quintum
1417 1991 1535 2038 Idus
1560 1991 1741 2054 Corcy-

256 2074 362 2104 ram
388 2058 656 2104 bellissime
682 2062 1041 2121 navigavimus.
1101 2059 1348 2122 Corcyrae
1372 2057 1555 2105 fuimus
1581 2073 1739 2121 usque

257 2141 301 2171 a.
334 2125 381 2171 d.
413 2141 511 2173 xvl.
548 2125 761 2173 Kalend.
796 2126 1085 2181 Deccmbr.,
1114 2127 1507 2188 tempestatibus
1535 2128 1738 2172 retenti.

257 2193 318 2237 A.
343 2192 390 2238 d.
416 2208 490 2239 xv.
521 2192 733 2239 Kalend.
760 2193 1028 2240 Decembr.
1052 2197 1103 2238 in
1125 2201 1327 2256 portum
1350 2192 1740 2256 Corcyraeorum

257 2258 321 2304 ad
364 2258 635 2322 Cassiopen
677 2260 841 2306 stadia
882 2276 972 2306 cxx
1012 2264 1358 2322 processimus.
1435 2259 1511 2306 Ibi
1552 2261 1739 2305 retenti

256 2329 418 2372 ventis
445 2343 614 2373 sumus
643 2344 800 2390 usque
829 2343 871 2373 a.
901 2328 948 2374 d.
979 2343 1044 2373 lx.
1077 2327 1347 2374 Kalendas.
1408 2325 1630 2382 Interea,
1656 2328 1740 2389 qui

577 2513 594 2531 ⁰
625 2507 729 2547 This
751 2509 978 2558 quotation
1002 2512 1164 2547 cannot
1186 2507 1239 2547 be
1260 2507 1423 2547 traced.

583 2561 599 2584 ⁶
631 2563 668 2601 A
693 2566 807 2601 town
832 2564 874 2601 in
897 2562 969 2601 the
993 2563 1119 2601 north
1143 2563 1192 2601 of
1209 2562 1414 2613 Corcyra.

264 2629 357 2671 332
