1837 3029
859 203 1108 250 CICERO

193 341 217 379 2
241 333 422 396 cupide
450 332 661 395 profecti
689 340 824 388 sunt,
853 332 997 379 multi
1026 332 1288 396 naufragia
1315 332 1561 382 fecerunt.
1622 335 1723 383 Nos

243 441 301 472 eo
323 425 404 471 die
427 427 592 470 cenati
615 423 864 469 solvimus.
937 423 1062 470 Inde
1093 432 1261 471 austro
1292 423 1562 482 lenissimo,
1585 426 1724 474 caelo

242 532 436 570 sereno,
470 522 617 561 nocte
650 514 732 560 illa
767 522 820 561 et
852 515 933 561 die
967 522 1170 576 postero
1203 519 1253 560 in
1288 515 1488 562 Italiam
1522 517 1586 565 ad
1619 517 1724 582 Hy-

241 607 477 652 druntem
532 604 793 651 ludibundi
848 609 1184 667 pervenimus,
1239 606 1520 669 eodemque
1573 616 1725 655 vento

242 696 482 759 postridie
513 696 583 758 (id
616 703 725 741 erat
756 712 799 742 a.
833 696 879 742 d.
914 712 1000 743 vu.
1038 695 1250 742 Kalend.
1284 696 1575 762 Decembr.)
1604 697 1725 745 hora

242 794 422 850 quarta
470 786 788 832 Brundisium
838 790 1098 841 venimus3
1167 787 1448 850 eodemque
1495 795 1725 851 tempore

243 877 388 923 simul
416 878 673 922 nobiscum
702 880 751 921 in
785 877 1024 938 oppidum
1062 880 1255 923 introiit
1304 877 1560 934 Terentia,
1594 896 1725 942 quae

242 977 294 1015 te
324 967 445 1014 facit
475 968 688 1030 plurimi.
754 968 814 1014 A.
848 968 895 1014 d.
927 984 972 1014 v.
1009 967 1222 1015 Kalend.
1256 967 1524 1016 Decembr.
1554 986 1724 1017 servus

243 1060 331 1106 Cn.
377 1059 542 1105 Planci
592 1059 820 1105 Brundisi
869 1059 1077 1105 tandem
1125 1058 1393 1121 aliquando
1440 1059 1559 1106 mihi
1603 1077 1632 1107 a
1671 1069 1724 1108 te

242 1153 700 1213 exspectatissimas
734 1149 930 1195 litteras
965 1150 1203 1204 reddidit,
1239 1150 1383 1196 datas
1422 1150 1592 1196 Idibus
1628 1151 1726 1197 No·-

241 1242 449 1296 vembr.‚
487 1256 618 1303 quae
657 1256 738 1286 me
777 1239 1008 1285 molestia
1048 1239 1191 1286 valde
1231 1240 1496 1296 levarunt3
1532 1245 1722 1288 utinam

241 1336 443 1378 omnino
486 1331 817 1377 liberassent!
882 1329 982 1377 Sed
1026 1338 1199 1376 tamen
1245 1331 1460 1393 Asclapo
1503 1333 1725 1379 medicus

192 1432 215 1470 3
242 1424 388 1485 plane
414 1422 695 1476 confirmat,
720 1422 1014 1483 propediem
1041 1429 1093 1467 te
1121 1421 1374 1468 valentem
1400 1421 1522 1468 fore.
1584 1423 1726 1470 Nunc

241 1514 361 1578 quid
380 1530 475 1576 ego
492 1520 544 1559 te
563 1512 751 1568 horter,
771 1519 828 1558 ut
845 1528 1046 1558 omnem
1068 1512 1382 1575 diligentiam
1404 1512 1643 1559 adhibeas
1663 1515 1726 1560 ad

238 1604 687 1652 convalescendum
712 1603 729 1649 ?
771 1603 931 1648 Tuam
954 1603 1294 1664 prudentiam,
1316 1607 1726 1665 temperantiam,

240 1711 462 1743 amorem
494 1711 615 1757 erga
644 1710 725 1739 me
758 1697 870 1740 novi
895 1710 906 1749 ;
955 1696 1054 1740 scio
1085 1700 1138 1740 te
1170 1696 1338 1740 onmia
1368 1692 1638 1750 facturum,
1669 1702 1726 1742 ut

240 1787 497 1833 nobiscum
531 1801 683 1847 quam
717 1787 933 1846 primum
967 1787 1047 1831 sis.
1115 1782 1215 1830 Sed
1248 1792 1422 1830 tamen
1455 1787 1527 1830 ita
1561 1784 1726 1842 velim,

240 1885 298 1924 ut
331 1893 394 1923 ne
428 1876 549 1939 quid
582 1891 835 1937 properes.
902 1873 1264 1938 Symphoniam
1299 1874 1512 1938 Lysonis
1547 1875 1725 1922 vellem

241 1971 466 2021 vitasses‚
497 1983 561 2013 ne
594 1970 646 2012 in
679 1973 912 2029 quartam
949 1965 1269 2012 hebdomada
1300 1966 1561 2013 incideres.
1626 1965 1726 2014 Sed

239 2062 476 2122 quoniam
518 2057 695 2120 pudori
737 2064 827 2103 tuo
868 2055 1089 2102 maluisti
1131 2057 1358 2118 obsequi,
1401 2072 1552 2118 quam
1595 2056 1726 2103 vale·

239 2150 421 2204 tudini,
453 2148 647 2211 reliqua
684 2164 817 2194 cura.
890 2147 1039 2194 Curio
1076 2150 1204 2201 misi,
1243 2153 1300 2192 ut
1337 2146 1533 2194 medico
1570 2146 1725 2194 honos

240 2240 530 2295 haberetur,
563 2246 616 2285 et
648 2239 740 2284 tibi
773 2238 936 2293 daret,
969 2238 1105 2300 quod
1137 2254 1261 2300 opus
1295 2244 1464 2292 esset3
1515 2254 1615 2293 me,
1646 2243 1723 2285 cui

239 2334 480 2385 iussisset,
501 2336 807 2376 curaturum.
866 2329 1065 2391 Equum
1090 2335 1144 2374 et
1165 2327 1355 2373 mulum
1379 2326 1609 2374 Brundisi
1632 2329 1723 2375 tibi

760 2534 779 2554 ⁰
813 2529 922 2569 Now
944 2528 1147 2570 Otranto.

244 2611 338 2653 334,
