1837 3029
830 201 1080 250 CICERO

211 334 423 398 putabo,
447 336 488 380 si
512 332 676 380 salvus
701 336 912 379 veneris.
973 331 1153 379 Adhuc
1179 335 1434 379 neminem
1459 333 1700 389 videram,

215 405 302 465 qui
334 409 388 449 te
413 409 590 464 postea
616 401 823 447 vidisset
855 417 1005 462 quam
1036 399 1108 445 M.
1136 399 1384 455 Volusius,
1409 416 1440 446 a
1462 416 1562 463 quo
1585 407 1700 447 tuas

212 468 409 516 litteras
431 471 598 530 accepi
620 483 630 522 ;
669 468 804 529 quod
821 484 918 513 non
940 467 1157 512 mirabar
1175 482 1187 522 ;
1226 483 1391 529 neque
1408 471 1543 513 enim
1561 484 1700 514 meas

213 543 339 599 puto
379 536 444 583 ad
481 542 534 581 te
574 534 769 580 litteras
808 541 955 580 tanta
994 533 1161 580 hieme
1199 533 1425 596 perferri.
1498 533 1600 581 Sed
1637 535 1701 581 da

214 618 438 665 operam,
462 609 520 648 ut
544 601 710 647 valeas
734 617 746 656 ς
788 608 858 656 et,
882 604 922 647 si
948 600 1153 655 valebis,
1177 617 1291 646 cum
1314 607 1453 647 recte
1477 604 1699 664 navigari

214 673 421 732 poterit,
441 676 552 715 tum
575 672 796 729 naviges,
852 667 1026 714 Cicero
1048 684 1191 714 meus
1212 671 1263 713 in
1288 668 1551 714 Formiano
1575 676 1700 724 erat,

213 737 454 783 Terentia
498 742 552 782 et
594 735 755 782 Tullia
802 734 1008 782 Romae.
1087 735 1236 790 Cura,
1281 741 1338 781 ut
1383 734 1564 781 valeas.
1634 751 1698 782 1v.

218 803 473 850 Kalendas
498 803 644 850 Febr.
670 802 859 865 Capua.

891 980 1022 1027 XIII

623 1114 679 1147 M.
714 1115 760 1147 Τ.
797 1115 838 1147 C.
875 1115 912 1146 S.
949 1115 993 1146 P.
1031 1115 1077 1146 D.
1113 1114 1289 1147 TIRONI

645 1217 812 1265 Cumis,
834 1231 965 1258 A.U.c.
990 1220 1070 1257 700
1092 1217 1157 1258 vel
1180 1221 1276 1259 701.

277 1335 463 1383 Omnia
481 1351 511 1381 a
529 1342 581 1381 te
602 1335 723 1382 data
742 1334 861 1380 mihi
882 1335 1092 1396 putabo,
1107 1337 1146 1379 si
1166 1341 1219 1380 te
1239 1333 1496 1381 valentem
1516 1335 1700 1383 videro.

213 1402 421 1451 Summa
435 1419 554 1449 cura
571 1402 931 1464 exspectabam
950 1402 1225 1448 adventum
1245 1401 1535 1458 Menandri,
1550 1419 1702 1465 quem

215 1471 279 1518 ad
325 1478 379 1517 te
424 1473 675 1516 miseram.
742 1469 891 1522 Cura,
922 1472 961 1514 si
1003 1485 1085 1514 me
1126 1468 1308 1531 diligis,
1341 1476 1398 1516 ut
1434 1468 1600 1516 valeas
1633 1477 1702 1526 et,

213 1555 328 1584 cum
363 1545 416 1584 te
451 1538 583 1583 bene
612 1536 936 1592 confirmaris,
962 1536 1026 1583 ad
1061 1552 1150 1582 nos
1180 1539 1366 1582 venias.
1436 1535 1575 1584 Vale.
1636 1553 1700 1584 lv.

216 1605 335 1652 Idus
361 1604 518 1667 April.

896 1736 1019 1783 XIV

624 1869 680 1904 M.
714 1870 761 1902 T.
797 1870 838 1903 C.
874 1868 912 1902 S.
949 1870 993 1901 P.
1031 1870 1077 1901 D.
1113 1869 1288 1902 TIRONI

636 1972 802 2020 Cumis,
826 1985 956 2013 A.U.c.
982 1974 1065 2012 700
1087 1971 1154 2012 vel
1176 1974 1273 2014 701.

168 2099 187 2139 l
279 2090 526 2138 Andricus
545 2088 787 2151 postridie
808 2089 871 2134 ad
897 2104 978 2133 me
999 2091 1137 2133 venit
1162 2104 1313 2149 quam
1334 2095 1700 2150 exspectaram.

218 2158 398 2220 Itaque
440 2156 591 2202 habui
634 2162 836 2201 noctem
878 2154 1079 2217 plenam
1121 2158 1313 2201 timoris
1355 2171 1412 2200 ac
1454 2159 1699 2204 miseriae.

213 2225 331 2271 Tuis
367 2224 549 2270 litteris
586 2222 739 2269 nihilo
776 2239 884 2268 sum
922 2221 1085 2268 factus
1122 2225 1322 2276 certior,
1359 2223 1610 2284 quomodo
1648 2231 1701 2270 te

215 2291 462 2347 haberes;
509 2291 599 2337 sed
629 2298 803 2336 tamen
833 2306 943 2336 sum
974 2296 1244 2335 recreatus,
1310 2289 1419 2352 Ego
1450 2294 1583 2335 omni
1615 2291 1700 2338 de-

277 2444 294 2463 ⁰
327 2438 410 2478 For
432 2437 639 2478 Volusius
661 2451 731 2477 see
752 2451 790 2477 v.
813 2439 881 2477 ⁶20.
904 2439 944 2477 3.

277 2492 292 2516 ι’
326 2492 457 2532 Some
475 2492 636 2532 editors
658 2491 758 2531 read
783 2491 972 2530 Andrici
990 2490 1113 2535 herez
1150 2489 1295 2529 others
1316 2489 1435 2529 leave
1461 2489 1699 2534 Menandri

217 2547 303 2587 and
327 2547 431 2587 read
457 2546 699 2587 Menander
720 2551 763 2585 at
786 2545 858 2586 the
880 2545 1124 2596 beginning
1144 2545 1194 2584 of
1212 2543 1283 2584 the
1306 2548 1406 2584 next
1428 2543 1564 2587 letter.

224 2616 314 2658 348
