1837 3029
858 177 1106 223 CICERO

234 307 615 364 magistratibus
639 306 1129 351 amministrationem
1153 303 1477 366 reipublicae,
1501 304 1594 350 tibi
1617 319 1718 364 pro·

235 385 496 432 vincialem
537 386 696 435 dedit,
736 389 774 431 si
825 402 937 431 mea
981 402 1093 447 pars
1134 387 1320 431 nemini
1363 384 1516 438 cedit,
1554 381 1634 429 fac
1671 389 1726 429 ut

235 473 325 512 tua
360 474 555 512 ceteros
594 469 773 512 vincat.
843 465 999 511 Simul
1037 473 1090 512 et
1125 465 1247 512 illud
1283 468 1468 528 cogita,
1504 480 1593 510 nos
1629 480 1727 509 non

236 547 300 593 de
343 547 533 609 reliqua
577 554 630 592 et
668 553 870 608 sperata
907 545 1065 607 gloria
1105 549 1204 591 iam
1247 545 1492 600 laborare,
1528 543 1618 590 sed
1664 543 1727 589 de

235 634 383 689 parta
424 627 678 682 dimicare,
717 643 846 688 quac
895 627 1099 688 quidem
1144 643 1242 671 non
1285 633 1391 672 tam
1439 623 1728 686 expetenda

236 708 378 753 nobis
409 705 523 761 fuit,
555 724 707 768 quam
738 707 931 753 tuenda
962 714 1054 753 est.
1125 707 1199 752 Ac
1230 709 1270 752 si
1301 704 1421 751 mihi
1452 704 1726 768 quidquam

236 793 372 832 esset
410 787 498 832 abs
537 793 590 832 te
629 794 938 848 separatum,
978 785 1098 832 nihil
1138 785 1350 848 amplius
1388 785 1727 832 desiderarem

236 865 329 913 hoc
361 874 517 922 statu,
550 870 633 929 qui
668 866 788 912 mihi
820 870 919 912 iam
954 873 1127 929 partus
1162 874 1254 912 cst.
1324 865 1469 912 Nunc
1502 881 1619 911 vero
1650 879 1728 910 res

235 950 304 993 sic
336 964 446 993 sese
479 946 653 1002 habet,
686 954 760 1002 ut,
794 950 883 992 nisi
918 950 1085 992 onmia
1117 954 1207 993 tua
1238 945 1375 992 facta
1407 953 1562 1008 atque
1593 943 1724 991 dicta

236 1031 417 1073 nostris
445 1029 594 1073 rebus
623 1031 769 1074 istinc
797 1028 1157 1089 respondeant,
1186 1043 1280 1090 ego
1309 1043 1391 1073 me
1419 1029 1544 1072 meis
1572 1026 1729 1071 tantis

236 1107 488 1154 laboribus
535 1111 794 1170 tantisque
843 1107 1092 1169 periculis,
1139 1125 1353 1170 quorum
1400 1113 1459 1153 tu
1505 1108 1728 1152 omnium

236 1192 489 1250 particeps
522 1187 679 1243 fuisti,
713 1187 835 1233 nihil
867 1195 1193 1234 consecutum
1227 1195 1421 1250 putem.
1489 1186 1639 1245 Quod
1670 1187 1729 1239 si,

238 1276 294 1315 ut
318 1268 679 1330 amplissimum
703 1285 887 1314 nomen
911 1285 1352 1331 consequeremur,
1376 1284 1502 1314 unus
1525 1273 1730 1330 praeter

235 1356 431 1396 ceteros
457 1349 708 1404 adiuvisti,
733 1356 871 1395 certe
898 1349 1051 1405 idem,
1077 1356 1135 1395 ut
1160 1349 1210 1395 id
1234 1352 1562 1404 retineamus,
1586 1363 1721 1409 prae-

236 1436 316 1476 ter
333 1436 529 1476 ceteros
549 1429 844 1476 elaborabis.
914 1429 1026 1475 Non
1046 1436 1124 1476 est
1143 1430 1235 1475 tibi
1254 1428 1329 1475 his
1348 1428 1462 1476 solis
1482 1428 1728 1475 utendum

237 1511 695 1557 existimationibus
718 1526 774 1556 ac
798 1510 1008 1565 iudiciis,
1031 1513 1117 1573 qui
1140 1526 1272 1556 nunc
1295 1517 1431 1565 sunt,
1453 1508 1729 1563 hominum,

237 1591 327 1638 sed
347 1594 403 1636 iis
425 1595 597 1645 etiam,
618 1594 702 1653 qui
723 1589 880 1636 futuri
900 1598 1018 1636 sunt
1041 1606 1052 1645 3
1091 1606 1398 1653 quamquam
1418 1589 1615 1636 illorum
1634 1590 1730 1635 erit

238 1674 401 1717 verius
423 1672 680 1725 iudicium,
703 1672 1075 1717 obtrectatione
1101 1678 1153 1717 et
1175 1670 1532 1717 malevolentia
1552 1669 1730 1716 libera-

159 1760 213 1798 44
239 1759 362 1798 tum.
432 1753 668 1815 Denique
707 1752 829 1798 illud
869 1755 1024 1798 etiam
1063 1752 1220 1798 debes
1257 1755 1500 1815 cogitare,
1539 1767 1639 1797 non
1676 1757 1730 1796 te

237 1834 329 1879 tibi
356 1832 444 1878 soli
469 1832 678 1896 gloriam
705 1849 949 1895 quaerere
975 1848 985 1888 ;
1029 1833 1165 1895 quod
1189 1836 1228 1879 si
1255 1839 1407 1886 esset,
1431 1839 1607 1879 tamen
1628 1848 1727 1877 non

237 1913 553 1977 neglegeres,
579 1917 878 1975 praesertim
905 1930 1019 1959 cnm
1047 1913 1363 1975 amplissimis
1389 1914 1729 1960 monumentis

237 2010 528 2040 consecrare
578 1993 815 2039 voluisses
863 1997 1156 2039 memoriam
1204 1997 1418 2039 nominis
1465 1996 1575 2048 tui3
1639 1991 1730 2038 sed

239 2091 299 2120 ea
332 2076 425 2120 tibi
460 2081 538 2120 est
571 2075 986 2120 communicanda
1021 2091 1237 2130 mecum,
1270 2074 1530 2136 prodenda
1562 2073 1729 2120 liberis

238 2159 434 2202 nostriS.
505 2155 563 2200 In
601 2172 701 2218 qua
735 2156 1015 2202 cavendum
1054 2162 1149 2211 est,
1186 2171 1267 2211 ne,
1303 2159 1342 2202 si
1378 2154 1730 2218 neglegentior

302 2286 540 2339 ⁰'1h0ugh
589 2286 742 2327 Cicero
786 2286 890 2327 does
934 2291 1011 2328 not
1054 2301 1221 2339 appear
1259 2290 1306 2327 to
1345 2285 1457 2327 have
1497 2285 1600 2327 held
1640 2301 1728 2339 any

243 2341 383 2392 parti(
389 2339 483 2379 ulai·
505 2340 654 2391 public
676 2340 797 2380 offic(
820 2340 904 2379 this
927 2354 1046 2392 year,
1071 2340 1136 2379 his
1160 2341 1374 2380 influence
1401 2341 1443 2380 in
1473 2339 1544 2380 the
1567 2339 1727 2380 Senate

241 2394 331 2434 and
355 2394 386 2433 l
391 2407 516 2433 orum
539 2408 574 2431 u
581 2407 626 2433 as
649 2394 755 2433 such
779 2394 876 2434 that
897 2394 949 2434 he
973 2394 1129 2445 might,
1153 2394 1242 2434 had
1264 2394 1317 2434 he
1336 2406 1387 2435 so
1407 2393 1593 2440 desired,
1617 2393 1728 2434 have

240 2447 391 2499 joined
443 2447 514 2486 the
562 2449 737 2487 f·nnous
785 2447 992 2487 coalition
1041 2449 1092 2488 of
1146 2447 1358 2500 Pompey,
1408 2447 1586 2494 Caesar,
1638 2448 1727 2489 aud

243 2501 442 2542 Crassus.
505 2500 586 2541 See
608 2501 770 2542 Chron.
795 2502 918 2541 Sum.
943 2504 1011 2542 for
1032 2504 1085 2541 60
1110 2515 1187 2542 u.c.

249 2593 345 2633 434
