1868 3040
875 179 1127 228 CICERO

258 335 358 381 Sed
382 337 544 379 minus
569 336 667 377 iam
691 336 914 380 movent.
939 335 994 375 ut
1019 328 1172 374 vides.
1243 326 1424 387 Itaque
1449 325 1513 371 ab
1537 325 1741 372 Homeri

259 401 692 465 magniloquentia
755 396 957 443 confero
1020 410 1101 440 me
1165 393 1229 440 ad
1292 409 1410 439 vera
1470 399 1745 455 praecepta

267 467 536 529 ΕὗριπίὸοῖΓ

489 554 594 600 μισῶ
616 553 814 596 σοφιστήν
856 553 963 588 ὅστις
985 550 1060 596 οὐχ
1081 545 1189 596 αὐτῷ
1210 549 1349 594 σοφός·

260 646 411 692 quem
437 643 635 672 versum
660 640 815 671 senex
842 622 1109 670 Praecilius
1134 621 1308 668 laudat
1334 624 1556 684 egregie,
1582 628 1634 667 et
1659 624 1746 676 ait,

260 713 406 759 posse
439 694 675 740 eumdem
713 699 766 738 et
802 693 896 752 ἁμα
932 693 1129 751 πρόσσω
1167 687 1245 734 καὶ
1282 686 1434 733 ὀπίσω
1471 688 1660 744 videres
1694 696 1748 735 et

263 771 437 810 tamen
460 760 779 807 nihilominus

491 849 575 886 αἰὲν
599 849 835 894 ἀριστεύειν,
863 846 927 883 καὶ
949 845 1160 893 ὑπείροχον
1183 844 1348 888 ἔμμεναι
1370 843 1517 882 ἄλλων.

221 934 246 974 3
270 922 388 973 Sed,
415 929 472 968 ut
501 921 707 968 redeam
738 919 802 966 ad
831 919 897 970 id,
927 918 1061 965 unde
1091 920 1251 979 coepi,
1277 915 1606 963 vehementer
1629 915 1749 963 mihi

261 997 464 1053 gratum
509 988 704 1040 feceris,
749 990 788 1033 si
835 985 967 1032 hunc
1012 984 1386 1031 adolescentem
1431 982 1750 1030 humanitate

262 1064 370 1111 tua,
407 1072 538 1119 quae
576 1062 653 1100 est
691 1053 971 1114 singularis,
999 1050 1458 1113 comprehendei·iS‚
1491 1057 1545 1097 et
1582 1049 1646 1097 ad
1682 1051 1750 1106 id,

263 1123 399 1187 quod
434 1126 654 1184 ipsorum
692 1120 1044 1166 Praeciliorum
1080 1135 1231 1165 causa
1266 1125 1319 1164 te
1357 1117 1484 1163 velle
1521 1118 1751 1174 arbitror,

263 1190 515 1238 addideris
548 1187 803 1234 cumulum
837 1186 1287 1233 commendationis
1320 1200 1482 1230 meae.
1550 1183 1751 1231 Genere

263 1275 392 1305 novo
418 1273 528 1303 sum
555 1255 836 1301 litterarum
867 1254 931 1300 ad
959 1261 1010 1299 te
1039 1270 1173 1308 usus,
1202 1259 1257 1299 ut
1283 1251 1625 1315 intellegeres,
1652 1268 1751 1299 non

263 1325 522 1388 vulgarem
547 1339 656 1369 esse
680 1321 1189 1369 commendationem.

948 1549 1069 1596 XVI

551 1674 606 1707 M.
641 1674 687 1707 T.
724 1675 764 1706 c.
801 1673 839 1706 s.
876 1673 920 1705 P.
959 1674 1004 1704 D.
1041 1673 1082 1704 C.
1119 1672 1321 1704 CAESARI
1356 1671 1466 1705 ΙΜΡ.

749 1775 917 1815 Romae
938 1774 1008 1825 (ἓ),
1030 1787 1162 1814 mue.
1185 1777 1280 1814 709.

220 1889 236 1928 1
332 1882 386 1929 Ρ.
412 1882 642 1928 Crassum
671 1897 731 1926 ex
758 1883 892 1925 omni
916 1879 1180 1925 nobilitate
1206 1878 1583 1925 adulescentem
1603 1879 1755 1926 dilexi

268 1950 568 2013 plurimuni;
625 1954 677 1993 et
724 1947 787 1993 de
828 1963 887 1992 eo
924 1963 1038 1992 cum
1077 1946 1140 1991 ab
1182 1948 1391 1991 incunte
1439 1948 1545 1991 eius
1583 1954 1755 1994 aetate

266 2015 514 2080 perbene¹
573 2017 921 2077 speravissem,
969 2021 1079 2059 tum
1127 2010 1407 2075 praeclare2
1466 2016 1756 2060 existimare

329 2102 343 2127 ¹
375 2101 554 2142 Sclmtz÷
586 2100 696 2140 bene
720 2100 873 2139 Nobbe.
1119 2097 1136 2122 ²
1166 2098 1320 2139 Klotz:
1353 2111 1431 2150 per
1451 2111 1521 2138 me
1542 2099 1699 2140 Nobbe.

333 2213 351 2231 ⁰
383 2180 486 2245 Fur.
512 2205 626 2256 l'rag
662 2177 760 2251 903,
782 2203 847 2244 cd.
875 2202 1052 2246 Nauck.
1075 2217 1117 2255 p.
1140 2206 1236 2243 (552.

335 2261 351 2284 ¹²
383 2261 516 2299 Hom.
540 2260 592 2299 ΙΙ.
618 2261 645 2299 i.
667 2263 780 2301 343:
814 2258 896 2299 Od.
918 2260 1031 2298 xxiv.
1053 2261 1151 2298 452.

334 2320 348 2339 ⁶
380 2314 513 2354 Hom.
548 2314 602 2353 ΙΙ.
635 2314 691 2352 vi.
723 2315 836 2352 5208:
880 2313 936 2352 xi.
970 2315 1066 2352 784.
1136 2310 1368 2351 Praecilius
1402 2324 1540 2352 seems
1570 2314 1615 2352 to
1647 2311 1756 2354 have

275 2372 425 2408 meant
454 2368 550 2407 that
580 2381 606 2406 a
635 2380 739 2406 man
770 2379 873 2417 may
903 2366 957 2406 be
984 2379 1011 2406 a
1042 2365 1231 2418 “sage‚'’
1261 2364 1349 2405 and
1379 2368 1453 2416 yet
1484 2367 1623 2405 attain
1661 2379 1756 2418 pre-

274 2423 498 2463 eminence
520 2423 562 2460 in
584 2419 791 2472 practical
812 2419 897 2459 life.

335 2474 353 2498 ‘¹
384 2474 475 2515 Son
505 2475 557 2513 of
579 2473 654 2513 the
683 2475 896 2513 triumvir.
958 2472 1027 2512 He
1057 2470 1208 2511 served
1238 2471 1342 2511 with
1372 2470 1625 2512 distinction
1656 2486 1704 2513 as
1731 2487 1758 2513 a

277 2528 444 2580 leyatus
474 2529 525 2569 of
549 2526 712 2568 Caesar
741 2529 784 2567 in
816 2526 946 2568 Gaul.
1007 2527 1076 2566 He
1105 2525 1179 2566 fell
1209 2526 1313 2566 with
1344 2525 1411 2566 his
1439 2525 1584 2566 father
1611 2531 1657 2567 at
1684 2528 1759 2569 the

277 2599 339 2640 54
