<?xml version="1.0" encoding="UTF-8"?>
<!DOCTYPE html PUBLIC "-//W3C//DTD XHTML 1.0 Transitional//EN"
    "http://www.w3.org/TR/xhtml1/DTD/xhtml1-transitional.dtd">
<html xmlns="http://www.w3.org/1999/xhtml" xml:lang="en" lang="en">
 <head>
  <title>
</title>
<meta http-equiv="Content-Type" content="text/html;charset=utf-8" />
  <meta name='ocr-system' content='tesseract 3.04.00' />
  <meta name='ocr-capabilities' content='ocr_page ocr_carea ocr_par ocr_line ocrx_word'/>
</head>
<body>
  <div class='ocr_page' id='page_1' title='image "./letterstohisfrie03ciceuoft_0254.png"; bbox 0 0 1837 3029; ppageno 0'>
   <div class='ocr_carea' id='block_1_1' title="bbox 466 160 1394 528">
    <p class='ocr_par' dir='ltr' id='par_1_1' title="bbox 466 160 1394 528">
     <span class='ocr_line' id='line_1_1' title="bbox 804 160 1055 208; baseline -0.004 0"><span class='ocrx_word' id='word_1_1' title='bbox 804 160 1055 208; x_wconf 87' lang='lat' dir='ltr'>CICERO</span> 
     </span>
     <span class='ocr_line' id='line_1_2' title="bbox 852 289 1004 335; baseline -0.007 0"><span class='ocrx_word' id='word_1_2' title='bbox 852 289 1004 335; x_wconf 85' lang='lat' dir='ltr'>XXII</span> 
     </span>
     <span class='ocr_line' id='line_1_3' title="bbox 466 398 1394 433; baseline -0.003 0"><span class='ocrx_word' id='word_1_3' title='bbox 466 401 522 433; x_wconf 80' lang='lat' dir='ltr'>M.</span> <span class='ocrx_word' id='word_1_4' title='bbox 556 401 602 432; x_wconf 85' lang='lat' dir='ltr'>T.</span> <span class='ocrx_word' id='word_1_5' title='bbox 638 402 680 433; x_wconf 89' lang='lat' dir='ltr'>C.</span> <span class='ocrx_word' id='word_1_6' title='bbox 716 401 754 432; x_wconf 90' lang='lat' dir='ltr'>S.</span> <span class='ocrx_word' id='word_1_7' title='bbox 792 402 835 432; x_wconf 89' lang='lat' dir='ltr'>P.</span> <span class='ocrx_word' id='word_1_8' title='bbox 874 401 919 432; x_wconf 89' lang='lat' dir='ltr'>D.</span> <span class='ocrx_word' id='word_1_9' title='bbox 956 401 1238 431; x_wconf 78' lang='lat' dir='ltr'>TERENTIAE</span> <span class='ocrx_word' id='word_1_10' title='bbox 1271 398 1394 432; x_wconf 78' lang='lat' dir='ltr'>SUAE</span> 
     </span>
     <span class='ocr_line' id='line_1_4' title="bbox 690 481 1182 528; baseline -0.002 -6"><span class='ocrx_word' id='word_1_11' title='bbox 690 481 910 528; x_wconf 76' lang='lat' dir='ltr'>Brundisi,</span> <span class='ocrx_word' id='word_1_12' title='bbox 933 495 1063 522; x_wconf 77' lang='grc' dir='ltr'>Λ.υ.(“.</span> <span class='ocrx_word' id='word_1_13' title='bbox 1085 483 1182 522; x_wconf 91' lang='grc'><strong>707.</strong></span> 
     </span>
    </p>
   </div>
   <div class='ocr_carea' id='block_1_2' title="bbox 184 572 1671 906">
    <p class='ocr_par' dir='ltr' id='par_1_2' title="bbox 184 572 1671 906">
     <span class='ocr_line' id='line_1_5' title="bbox 249 572 1671 638; baseline -0.001 -17"><span class='ocrx_word' id='word_1_14' title='bbox 249 574 299 622; x_wconf 92' lang='lat' dir='ltr'>Si</span> <span class='ocrx_word' id='word_1_15' title='bbox 332 575 484 630; x_wconf 75' lang='lat' dir='ltr'>vales,</span> <span class='ocrx_word' id='word_1_16' title='bbox 515 577 646 622; x_wconf 88' lang='lat' dir='ltr'>bene</span> <span class='ocrx_word' id='word_1_17' title='bbox 679 583 792 632; x_wconf 89' lang='lat' dir='ltr'>est;</span> <span class='ocrx_word' id='word_1_18' title='bbox 842 575 999 622; x_wconf 86' lang='lat' dir='ltr'>valeo.</span> <span class='ocrx_word' id='word_1_19' title='bbox 1068 574 1171 622; x_wconf 92' lang='lat' dir='ltr'>Nos</span> <span class='ocrx_word' id='word_1_20' title='bbox 1201 575 1429 638; x_wconf 79' lang='lat' dir='ltr'>quotidie</span> <span class='ocrx_word' id='word_1_21' title='bbox 1459 572 1671 620; x_wconf 84' lang='lat' dir='ltr'>tabella-</span> 
     </span>
     <span class='ocr_line' id='line_1_6' title="bbox 184 640 1670 705; baseline -0.001 -17"><span class='ocrx_word' id='word_1_22' title='bbox 184 646 281 688; x_wconf 76' lang='lat' dir='ltr'>rios</span> <span class='ocrx_word' id='word_1_23' title='bbox 315 651 510 689; x_wconf 70' lang='lat' dir='ltr'>nostros</span> <span class='ocrx_word' id='word_1_24' title='bbox 544 650 932 705; x_wconf 74' lang='lat' dir='ltr'>exspectamu33</span> <span class='ocrx_word' id='word_1_25' title='bbox 985 646 1070 705; x_wconf 92' lang='lat' dir='ltr'>qui</span> <span class='ocrx_word' id='word_1_26' title='bbox 1103 645 1143 688; x_wconf 90' lang='lat' dir='ltr'>si</span> <span class='ocrx_word' id='word_1_27' title='bbox 1178 646 1427 696; x_wconf 88' lang='lat' dir='ltr'>venerint,</span> <span class='ocrx_word' id='word_1_28' title='bbox 1456 640 1670 688; x_wconf 86' lang='lat' dir='ltr'>fortasse</span> 
     </span>
     <span class='ocr_line' id='line_1_7' title="bbox 186 707 1671 773; baseline 0 -19"><span class='ocrx_word' id='word_1_29' title='bbox 186 713 370 755; x_wconf 89' lang='lat' dir='ltr'>erimus</span> <span class='ocrx_word' id='word_1_30' title='bbox 413 713 670 765; x_wconf 78' lang='lat' dir='ltr'><strong>certiores,</strong></span> <span class='ocrx_word' id='word_1_31' title='bbox 714 710 835 773; x_wconf 87' lang='lat' dir='ltr'>quid</span> <span class='ocrx_word' id='word_1_32' title='bbox 879 711 1021 755; x_wconf 82' lang='lat' dir='ltr'>nobis</span> <span class='ocrx_word' id='word_1_33' title='bbox 1064 709 1352 755; x_wconf 85' lang='lat' dir='ltr'>faciendum</span> <span class='ocrx_word' id='word_1_34' title='bbox 1396 711 1480 764; x_wconf 89' lang='lat' dir='ltr'>sit,</span> <span class='ocrx_word' id='word_1_35' title='bbox 1520 707 1671 754; x_wconf 88' lang='lat' dir='ltr'>facie-</span> 
     </span>
     <span class='ocr_line' id='line_1_8' title="bbox 186 775 1671 839; baseline 0 -19"><span class='ocrx_word' id='word_1_36' title='bbox 186 793 397 839; x_wconf 80' lang='lat' dir='ltr'>musque</span> <span class='ocrx_word' id='word_1_37' title='bbox 446 784 499 823; x_wconf 89' lang='lat' dir='ltr'>te</span> <span class='ocrx_word' id='word_1_38' title='bbox 548 781 723 823; x_wconf 80' lang='lat' dir='ltr'>statim</span> <span class='ocrx_word' id='word_1_39' title='bbox 772 780 1054 823; x_wconf 74' lang='lat' dir='ltr'>certiorem.</span> <span class='ocrx_word' id='word_1_40' title='bbox 1123 775 1480 822; x_wconf 79' lang='lat' dir='ltr'>Valetudinem</span> <span class='ocrx_word' id='word_1_41' title='bbox 1527 782 1671 821; x_wconf 90' lang='lat' dir='ltr'>tuam</span> 
     </span>
     <span class='ocr_line' id='line_1_9' title="bbox 184 842 1418 906; baseline 0.001 -18"><span class='ocrx_word' id='word_1_42' title='bbox 184 860 301 889; x_wconf 85' lang='lat' dir='ltr'>cura</span> <span class='ocrx_word' id='word_1_43' title='bbox 326 843 612 906; x_wconf 79' lang='lat' dir='ltr'>diligenter.</span> <span class='ocrx_word' id='word_1_44' title='bbox 682 843 820 890; x_wconf 69' lang='lat' dir='ltr'>Vale.</span> <span class='ocrx_word' id='word_1_45' title='bbox 893 843 1134 890; x_wconf 78' lang='lat' dir='ltr'>Kalendis</span> <span class='ocrx_word' id='word_1_46' title='bbox 1157 842 1418 905; x_wconf 84' lang='lat' dir='ltr'>Septemb.</span> 
     </span>
    </p>
   </div>
   <div class='ocr_carea' id='block_1_3' title="bbox 837 1002 1019 1049">
    <p class='ocr_par' dir='ltr' id='par_1_3' title="bbox 837 1002 1019 1049">
     <span class='ocr_line' id='line_1_10' title="bbox 837 1002 1019 1049; baseline -0.005 0"><span class='ocrx_word' id='word_1_47' title='bbox 837 1002 1019 1049; x_wconf 87' lang='lat' dir='ltr'>XXIII</span> 
     </span>
    </p>
   </div>
   <div class='ocr_carea' id='block_1_4' title="bbox 465 1113 1392 1245">
    <p class='ocr_par' dir='ltr' id='par_1_4' title="bbox 465 1113 1392 1245">
     <span class='ocr_line' id='line_1_11' title="bbox 465 1113 1392 1148; baseline 0.002 -2"><span class='ocrx_word' id='word_1_48' title='bbox 465 1115 521 1148; x_wconf 83' lang='grc' dir='ltr'>Μ.</span> <span class='ocrx_word' id='word_1_49' title='bbox 556 1114 602 1147; x_wconf 86' lang='grc' dir='ltr'>Τ.</span> <span class='ocrx_word' id='word_1_50' title='bbox 639 1115 680 1147; x_wconf 87' lang='lat' dir='ltr'>C.</span> <span class='ocrx_word' id='word_1_51' title='bbox 715 1115 998 1146; x_wconf 79' lang='lat' dir='ltr'>TERENTIAE</span> <span class='ocrx_word' id='word_1_52' title='bbox 1031 1114 1153 1147; x_wconf 81' lang='lat' dir='ltr'>SUAE</span> <span class='ocrx_word' id='word_1_53' title='bbox 1187 1114 1224 1146; x_wconf 86' lang='lat' dir='ltr'>S.</span> <span class='ocrx_word' id='word_1_54' title='bbox 1261 1114 1306 1146; x_wconf 86' lang='grc' dir='ltr'>Ρ.</span> <span class='ocrx_word' id='word_1_55' title='bbox 1341 1113 1392 1148; x_wconf 79' lang='lat' dir='ltr'>D·</span> 
     </span>
     <span class='ocr_line' id='line_1_12' title="bbox 685 1196 1180 1245; baseline 0 -8"><span class='ocrx_word' id='word_1_56' title='bbox 685 1196 908 1245; x_wconf 84' lang='lat' dir='ltr'>Brundisi,</span> <span class='ocrx_word' id='word_1_57' title='bbox 928 1211 1060 1238; x_wconf 72' lang='lat' dir='ltr'>A.U.c.</span> <span class='ocrx_word' id='word_1_58' title='bbox 1083 1199 1180 1238; x_wconf 90' lang='grc'><strong>707.</strong></span> 
     </span>
    </p>
   </div>
   <div class='ocr_carea' id='block_1_5' title="bbox 182 1280 1671 1678">
    <p class='ocr_par' dir='ltr' id='par_1_5' title="bbox 182 1280 1671 1678">
     <span class='ocr_line' id='line_1_13' title="bbox 247 1280 1670 1338; baseline -0.001 -10"><span class='ocrx_word' id='word_1_59' title='bbox 247 1280 298 1328; x_wconf 91' lang='lat' dir='ltr'>Si</span> <span class='ocrx_word' id='word_1_60' title='bbox 323 1281 476 1337; x_wconf 87' lang='lat' dir='ltr'>vales,</span> <span class='ocrx_word' id='word_1_61' title='bbox 499 1283 632 1329; x_wconf 89' lang='lat' dir='ltr'>bene</span> <span class='ocrx_word' id='word_1_62' title='bbox 658 1290 736 1329; x_wconf 91' lang='lat' dir='ltr'>est</span> <span class='ocrx_word' id='word_1_63' title='bbox 759 1298 770 1338; x_wconf 90' lang='grc'>;</span> <span class='ocrx_word' id='word_1_64' title='bbox 813 1282 970 1328; x_wconf 89' lang='lat' dir='ltr'>valeo.</span> <span class='ocrx_word' id='word_1_65' title='bbox 1039 1282 1291 1328; x_wconf 89' lang='lat' dir='ltr'>Redditae</span> <span class='ocrx_word' id='word_1_66' title='bbox 1315 1280 1437 1327; x_wconf 91' lang='lat' dir='ltr'>mihi</span> <span class='ocrx_word' id='word_1_67' title='bbox 1460 1281 1670 1328; x_wconf 89' lang='lat' dir='ltr'>tandem</span> 
     </span>
     <span class='ocr_line' id='line_1_14' title="bbox 184 1348 1670 1410; baseline -0.001 -15"><span class='ocrx_word' id='word_1_68' title='bbox 184 1356 302 1395; x_wconf 90' lang='lat' dir='ltr'>sunt</span> <span class='ocrx_word' id='word_1_69' title='bbox 323 1366 352 1394; x_wconf 89' lang='lat' dir='ltr'>a</span> <span class='ocrx_word' id='word_1_70' title='bbox 371 1349 586 1396; x_wconf 81' lang='lat' dir='ltr'>Caesare</span> <span class='ocrx_word' id='word_1_71' title='bbox 605 1348 809 1396; x_wconf 84' lang='lat' dir='ltr'>litterae</span> <span class='ocrx_word' id='word_1_72' title='bbox 829 1353 950 1396; x_wconf 89' lang='lat' dir='ltr'>satis</span> <span class='ocrx_word' id='word_1_73' title='bbox 968 1348 1218 1404; x_wconf 88' lang='lat' dir='ltr'>liberales,</span> <span class='ocrx_word' id='word_1_74' title='bbox 1238 1356 1292 1395; x_wconf 91' lang='lat' dir='ltr'>et</span> <span class='ocrx_word' id='word_1_75' title='bbox 1309 1351 1416 1410; x_wconf 91' lang='lat' dir='ltr'>ipse</span> <span class='ocrx_word' id='word_1_76' title='bbox 1435 1351 1670 1410; x_wconf 87' lang='lat' dir='ltr'>opinione</span> 
     </span>
     <span class='ocr_line' id='line_1_15' title="bbox 184 1416 1669 1464; baseline -0.001 -3"><span class='ocrx_word' id='word_1_77' title='bbox 184 1416 395 1462; x_wconf 90' lang='lat' dir='ltr'>celerius</span> <span class='ocrx_word' id='word_1_78' title='bbox 435 1423 676 1462; x_wconf 84' lang='lat' dir='ltr'>venturus</span> <span class='ocrx_word' id='word_1_79' title='bbox 717 1432 826 1462; x_wconf 89' lang='lat' dir='ltr'>esse</span> <span class='ocrx_word' id='word_1_80' title='bbox 865 1417 1064 1463; x_wconf 89' lang='lat' dir='ltr'>dicitur.</span> <span class='ocrx_word' id='word_1_81' title='bbox 1131 1416 1224 1464; x_wconf 84' lang='lat' dir='ltr'>Cui</span> <span class='ocrx_word' id='word_1_82' title='bbox 1263 1422 1433 1461; x_wconf 88' lang='lat' dir='ltr'>utrum</span> <span class='ocrx_word' id='word_1_83' title='bbox 1471 1416 1669 1461; x_wconf 89' lang='lat' dir='ltr'>obviam</span> 
     </span>
     <span class='ocr_line' id='line_1_16' title="bbox 183 1482 1671 1545; baseline -0.001 -17"><span class='ocrx_word' id='word_1_84' title='bbox 183 1483 472 1545; x_wconf 83' lang='lat' dir='ltr'>procedam,</span> <span class='ocrx_word' id='word_1_85' title='bbox 503 1500 568 1529; x_wconf 87' lang='lat' dir='ltr'>an</span> <span class='ocrx_word' id='word_1_86' title='bbox 599 1482 677 1529; x_wconf 85' lang='lat' dir='ltr'>hic</span> <span class='ocrx_word' id='word_1_87' title='bbox 709 1499 825 1530; x_wconf 90' lang='lat' dir='ltr'>eum</span> <span class='ocrx_word' id='word_1_88' title='bbox 857 1490 1170 1545; x_wconf 84' lang='lat' dir='ltr'>exspectem,</span> <span class='ocrx_word' id='word_1_89' title='bbox 1199 1499 1313 1529; x_wconf 90' lang='lat' dir='ltr'>cum</span> <span class='ocrx_word' id='word_1_90' title='bbox 1343 1485 1671 1537; x_wconf 87' lang='lat' dir='ltr'>constituero,</span> 
     </span>
     <span class='ocr_line' id='line_1_17' title="bbox 184 1548 1670 1611; baseline -0.001 -16"><span class='ocrx_word' id='word_1_91' title='bbox 184 1549 365 1596; x_wconf 88' lang='lat' dir='ltr'>faciam</span> <span class='ocrx_word' id='word_1_92' title='bbox 400 1557 453 1596; x_wconf 89' lang='lat' dir='ltr'>te</span> <span class='ocrx_word' id='word_1_93' title='bbox 488 1554 771 1597; x_wconf 89' lang='lat' dir='ltr'>certiorem.</span> <span class='ocrx_word' id='word_1_94' title='bbox 837 1549 1144 1596; x_wconf 87' lang='lat' dir='ltr'>Tabellarios</span> <span class='ocrx_word' id='word_1_95' title='bbox 1178 1548 1301 1595; x_wconf 87' lang='lat' dir='ltr'>mihi</span> <span class='ocrx_word' id='word_1_96' title='bbox 1334 1548 1483 1597; x_wconf 82' lang='lat' dir='ltr'>velim</span> <span class='ocrx_word' id='word_1_97' title='bbox 1517 1565 1670 1611; x_wconf 88' lang='lat' dir='ltr'>quam</span> 
     </span>
     <span class='ocr_line' id='line_1_18' title="bbox 182 1615 1670 1678; baseline 0.001 -17"><span class='ocrx_word' id='word_1_98' title='bbox 182 1621 398 1678; x_wconf 89' lang='lat' dir='ltr'>primum</span> <span class='ocrx_word' id='word_1_99' title='bbox 411 1621 659 1663; x_wconf 90' lang='lat' dir='ltr'>remittas.</span> <span class='ocrx_word' id='word_1_100' title='bbox 726 1616 1083 1664; x_wconf 79' lang='lat' dir='ltr'>Valetudinem</span> <span class='ocrx_word' id='word_1_101' title='bbox 1097 1624 1238 1663; x_wconf 88' lang='lat' dir='ltr'>tuam</span> <span class='ocrx_word' id='word_1_102' title='bbox 1253 1632 1371 1663; x_wconf 87' lang='lat' dir='ltr'>cura</span> <span class='ocrx_word' id='word_1_103' title='bbox 1383 1615 1670 1678; x_wconf 85' lang='lat' dir='ltr'>diligenter.</span> 
     </span>
    </p>
   </div>
   <div class='ocr_carea' id='block_1_6' title="bbox 187 1683 953 1746">
    <p class='ocr_par' dir='ltr' id='par_1_6' title="bbox 187 1683 953 1746">
     <span class='ocr_line' id='line_1_19' title="bbox 187 1683 953 1746; baseline 0.001 -17"><span class='ocrx_word' id='word_1_104' title='bbox 187 1683 325 1730; x_wconf 81' lang='lat' dir='ltr'>Vale.</span> <span class='ocrx_word' id='word_1_105' title='bbox 395 1684 458 1730; x_wconf 91' lang='lat' dir='ltr'>D.</span> <span class='ocrx_word' id='word_1_106' title='bbox 484 1685 644 1746; x_wconf 92' lang='lat' dir='ltr'>pridie</span> <span class='ocrx_word' id='word_1_107' title='bbox 671 1684 789 1731; x_wconf 90' lang='lat' dir='ltr'>Idus</span> <span class='ocrx_word' id='word_1_108' title='bbox 814 1683 953 1730; x_wconf 84' lang='lat' dir='ltr'>Sext.</span> 
     </span>
    </p>
   </div>
   <div class='ocr_carea' id='block_1_7' title="bbox 876 1841 1047 1888">
    <p class='ocr_par' dir='ltr' id='par_1_7' title="bbox 876 1841 1047 1888">
     <span class='ocr_line' id='line_1_20' title="bbox 876 1841 1047 1888; baseline -0.006 0"><span class='ocrx_word' id='word_1_109' title='bbox 876 1841 1047 1888; x_wconf 84' lang='lat' dir='ltr'>XXIV</span> 
     </span>
    </p>
   </div>
   <div class='ocr_carea' id='block_1_8' title="bbox 544 1952 1316 2083">
    <p class='ocr_par' dir='ltr' id='par_1_8' title="bbox 544 1952 1316 2083">
     <span class='ocr_line' id='line_1_21' title="bbox 544 1952 1316 1986; baseline -0.001 0"><span class='ocrx_word' id='word_1_110' title='bbox 544 1954 599 1986; x_wconf 81' lang='lat' dir='ltr'>M.</span> <span class='ocrx_word' id='word_1_111' title='bbox 634 1953 680 1985; x_wconf 86' lang='lat' dir='ltr'>T.</span> <span class='ocrx_word' id='word_1_112' title='bbox 717 1954 757 1985; x_wconf 92' lang='lat' dir='ltr'>c.</span> <span class='ocrx_word' id='word_1_113' title='bbox 794 1953 832 1985; x_wconf 90' lang='lat' dir='ltr'>S.</span> <span class='ocrx_word' id='word_1_114' title='bbox 869 1954 913 1986; x_wconf 84' lang='lat' dir='ltr'>P.</span> <span class='ocrx_word' id='word_1_115' title='bbox 951 1954 997 1985; x_wconf 88' lang='lat' dir='ltr'>D.</span> <span class='ocrx_word' id='word_1_116' title='bbox 1033 1952 1316 1985; x_wconf 70' lang='lat' dir='ltr'>TERENTIAE</span> 
     </span>
     <span class='ocr_line' id='line_1_22' title="bbox 683 2034 1180 2083; baseline 0.002 -8"><span class='ocrx_word' id='word_1_117' title='bbox 683 2034 907 2083; x_wconf 85' lang='lat' dir='ltr'>Brundisi,</span> <span class='ocrx_word' id='word_1_118' title='bbox 928 2049 1060 2076; x_wconf 82' lang='lat' dir='ltr'>A.U.C.</span> <span class='ocrx_word' id='word_1_119' title='bbox 1082 2038 1180 2076; x_wconf 90' lang='grc'><strong>707.</strong></span> 
     </span>
    </p>
   </div>
   <div class='ocr_carea' id='block_1_9' title="bbox 186 2119 1672 2435">
    <p class='ocr_par' dir='ltr' id='par_1_9' title="bbox 186 2119 1672 2435">
     <span class='ocr_line' id='line_1_23' title="bbox 249 2119 1672 2182; baseline 0 -16"><span class='ocrx_word' id='word_1_120' title='bbox 249 2119 300 2166; x_wconf 94' lang='lat' dir='ltr'>Si</span> <span class='ocrx_word' id='word_1_121' title='bbox 324 2119 478 2175; x_wconf 86' lang='lat' dir='ltr'>vales,</span> <span class='ocrx_word' id='word_1_122' title='bbox 500 2121 632 2166; x_wconf 90' lang='lat' dir='ltr'>bene</span> <span class='ocrx_word' id='word_1_123' title='bbox 658 2127 736 2166; x_wconf 88' lang='lat' dir='ltr'>est</span> <span class='ocrx_word' id='word_1_124' title='bbox 759 2136 770 2175; x_wconf 92' lang='lat'>;</span> <span class='ocrx_word' id='word_1_125' title='bbox 812 2119 971 2167; x_wconf 85' lang='lat' dir='ltr'>valeo.</span> <span class='ocrx_word' id='word_1_126' title='bbox 1039 2119 1141 2166; x_wconf 91' lang='lat' dir='ltr'>Nos</span> <span class='ocrx_word' id='word_1_127' title='bbox 1165 2135 1332 2182; x_wconf 89' lang='lat' dir='ltr'>neque</span> <span class='ocrx_word' id='word_1_128' title='bbox 1356 2119 1421 2167; x_wconf 89' lang='lat' dir='ltr'>de</span> <span class='ocrx_word' id='word_1_129' title='bbox 1443 2119 1672 2167; x_wconf 82' lang='lat' dir='ltr'>Caesaris</span> 
     </span>
     <span class='ocr_line' id='line_1_24' title="bbox 186 2186 1672 2250; baseline 0 -17"><span class='ocrx_word' id='word_1_130' title='bbox 186 2187 428 2242; x_wconf 89' lang='lat' dir='ltr'>adventu,</span> <span class='ocrx_word' id='word_1_131' title='bbox 461 2203 628 2249; x_wconf 89' lang='lat' dir='ltr'>neque</span> <span class='ocrx_word' id='word_1_132' title='bbox 663 2188 726 2233; x_wconf 88' lang='lat' dir='ltr'>de</span> <span class='ocrx_word' id='word_1_133' title='bbox 760 2187 961 2242; x_wconf 89' lang='lat' dir='ltr'>litteris,</span> <span class='ocrx_word' id='word_1_134' title='bbox 994 2203 1119 2250; x_wconf 90' lang='lat' dir='ltr'>quas</span> <span class='ocrx_word' id='word_1_135' title='bbox 1154 2186 1451 2233; x_wconf 89' lang='lat' dir='ltr'>Philotimus</span> <span class='ocrx_word' id='word_1_136' title='bbox 1483 2186 1672 2234; x_wconf 87' lang='lat' dir='ltr'>habere</span> 
     </span>
     <span class='ocr_line' id='line_1_25' title="bbox 186 2252 1672 2317; baseline 0 -17"><span class='ocrx_word' id='word_1_137' title='bbox 186 2255 386 2309; x_wconf 91' lang='lat' dir='ltr'>dicitur,</span> <span class='ocrx_word' id='word_1_138' title='bbox 429 2255 707 2317; x_wconf 89' lang='lat' dir='ltr'>quidquam</span> <span class='ocrx_word' id='word_1_139' title='bbox 751 2253 915 2300; x_wconf 83' lang='lat' dir='ltr'>adhuc</span> <span class='ocrx_word' id='word_1_140' title='bbox 959 2257 1084 2300; x_wconf 89' lang='lat' dir='ltr'>certi</span> <span class='ocrx_word' id='word_1_141' title='bbox 1128 2252 1389 2301; x_wconf 86' lang='lat' dir='ltr'>habemus.</span> <span class='ocrx_word' id='word_1_142' title='bbox 1456 2253 1506 2300; x_wconf 90' lang='lat' dir='ltr'>Si</span> <span class='ocrx_word' id='word_1_143' title='bbox 1551 2254 1672 2317; x_wconf 91' lang='lat' dir='ltr'>quid</span> 
     </span>
     <span class='ocr_line' id='line_1_26' title="bbox 188 2320 1671 2375; baseline 0.001 -9"><span class='ocrx_word' id='word_1_144' title='bbox 188 2325 284 2367; x_wconf 90' lang='lat' dir='ltr'>erit</span> <span class='ocrx_word' id='word_1_145' title='bbox 309 2325 452 2375; x_wconf 84' lang='lat' dir='ltr'>certi,</span> <span class='ocrx_word' id='word_1_146' title='bbox 477 2320 657 2367; x_wconf 85' lang='lat' dir='ltr'>faciam</span> <span class='ocrx_word' id='word_1_147' title='bbox 685 2329 738 2367; x_wconf 89' lang='lat' dir='ltr'>te</span> <span class='ocrx_word' id='word_1_148' title='bbox 763 2325 939 2367; x_wconf 86' lang='lat' dir='ltr'>statim</span> <span class='ocrx_word' id='word_1_149' title='bbox 964 2324 1247 2367; x_wconf 86' lang='lat' dir='ltr'>certiorem.</span> <span class='ocrx_word' id='word_1_150' title='bbox 1314 2320 1671 2367; x_wconf 87' lang='lat' dir='ltr'>Valetudinem</span> 
     </span>
     <span class='ocr_line' id='line_1_27' title="bbox 186 2387 1449 2435; baseline 0.002 -2"><span class='ocrx_word' id='word_1_151' title='bbox 186 2395 325 2434; x_wconf 86' lang='lat' dir='ltr'>tuam</span> <span class='ocrx_word' id='word_1_152' title='bbox 351 2387 430 2434; x_wconf 79' lang='lat' dir='ltr'>fac</span> <span class='ocrx_word' id='word_1_153' title='bbox 454 2395 511 2434; x_wconf 92' lang='lat' dir='ltr'>ut</span> <span class='ocrx_word' id='word_1_154' title='bbox 533 2404 692 2434; x_wconf 89' lang='lat' dir='ltr'>cures.</span> <span class='ocrx_word' id='word_1_155' title='bbox 760 2388 899 2435; x_wconf 87' lang='lat' dir='ltr'>Vale.</span> <span class='ocrx_word' id='word_1_156' title='bbox 967 2404 1044 2435; x_wconf 91' lang='lat'>111.</span> <span class='ocrx_word' id='word_1_157' title='bbox 1073 2389 1192 2434; x_wconf 89' lang='lat' dir='ltr'>Idus</span> <span class='ocrx_word' id='word_1_158' title='bbox 1214 2387 1449 2435; x_wconf 81' lang='lat' dir='ltr'>Sextiles.</span> 
     </span>
    </p>
   </div>
   <div class='ocr_carea' id='block_1_10' title="bbox 1448 2474 1662 2481">
    <p class='ocr_par' dir='ltr' id='par_1_10' title="bbox 1448 2474 1662 2481">
     <span class='ocr_line' id='line_1_28' title="bbox 1448 2474 1662 2481; baseline -0.009 0"><span class='ocrx_word' id='word_1_159' title='bbox 1448 2474 1662 2481; x_wconf 79' lang='lat'><strong>——-—-</strong></span> 
     </span>
    </p>
   </div>
   <div class='ocr_carea' id='block_1_11' title="bbox 196 2505 1289 2615">
    <p class='ocr_par' dir='ltr' id='par_1_11' title="bbox 196 2505 1289 2615">
     <span class='ocr_line' id='line_1_29' title="bbox 568 2505 1289 2557; baseline 0 -12"><span class='ocrx_word' id='word_1_160' title='bbox 568 2510 586 2529; x_wconf 78' lang='lat'><strong>⁰</strong></span> <span class='ocrx_word' id='word_1_161' title='bbox 618 2505 699 2545; x_wconf 89' lang='lat' dir='ltr'>See</span> <span class='ocrx_word' id='word_1_162' title='bbox 722 2510 821 2546; x_wconf 87' lang='lat' dir='ltr'>note</span> <span class='ocrx_word' id='word_1_163' title='bbox 844 2506 865 2545; x_wconf 87' lang='lat' dir='ltr'><strong><em>b</em></strong></span> <span class='ocrx_word' id='word_1_164' title='bbox 888 2511 931 2545; x_wconf 84' lang='lat' dir='ltr'>to</span> <span class='ocrx_word' id='word_1_165' title='bbox 952 2505 1036 2557; x_wconf 85' lang='lat' dir='ltr'>Ep.</span> <span class='ocrx_word' id='word_1_166' title='bbox 1066 2508 1114 2545; x_wconf 82' lang='lat'>18</span> <span class='ocrx_word' id='word_1_167' title='bbox 1135 2505 1289 2546; x_wconf 87' lang='lat' dir='ltr'>above.</span> 
     </span>
     <span class='ocr_line' id='line_1_30' title="bbox 196 2575 290 2615; baseline 0 0"><span class='ocrx_word' id='word_1_168' title='bbox 196 2575 290 2615; x_wconf 90' lang='grc'>222</span> 
     </span>
    </p>
   </div>
  </div>
 </body>
</html>
