1837 3029
882 155 1133 201 CICERO

264 288 594 336 vehementer
614 288 783 331 onmia
805 284 949 339 velle,
972 291 1146 330 tamen
1169 290 1222 330 et
1247 283 1318 329 M.
1344 283 1597 330 Anneium
1620 288 1749 332 tanti

263 376 409 431 facio,
443 381 500 421 ut
533 373 653 419 mihi
688 371 808 418 nihil
842 379 1019 433 putem
1053 372 1584 432 praetermittendum,
1617 373 1751 435 quod

263 465 391 511 illius
429 464 646 516 intersit,
686 467 740 506 et
777 475 860 505 me
900 475 930 505 a
966 465 1021 505 te
1060 462 1191 505 tanti
1232 458 1339 506 fieri
1376 465 1519 521 puto,
1557 466 1616 506 ut
1653 477 1751 506 non

266 553 513 605 dubitem,
540 552 660 611 quin
689 547 752 594 ad
778 554 920 593 tuam
947 546 1261 593 voluntatem
1288 563 1500 610 magnus
1526 547 1752 594 cumulus

266 639 475 686 accedat
508 635 958 683 commendationis
992 650 1153 680 meae.
1225 633 1353 679 Nam
1388 651 1501 680 cum
1535 637 1634 680 iam
1668 635 1753 682 diu

268 726 529 790 diligerem
570 723 643 769 Μ.
683 723 956 777 Anneium,
992 721 1158 784 deque
1197 738 1256 768 eo
1292 724 1361 768 sic
1397 725 1754 779 existimarem,

268 822 326 862 ut
354 830 432 860 res
462 812 703 866 declarat,
733 810 868 873 quod
898 809 1028 855 ultro
1059 812 1103 855 ei
1134 809 1403 855 detulerim
1431 809 1756 873 legationem,

268 919 381 949 cum
400 900 571 946 multis
591 899 885 961 petentibus
905 898 1256 960 denegassem,
1276 904 1385 943 tum
1406 913 1540 953 vero,
1559 904 1756 959 postea-

269 1007 420 1054 quam
441 1004 638 1033 mecum
660 989 710 1031 in
730 985 862 1031 bello
884 992 1038 1046 atque
1060 987 1109 1029 in
1130 1001 1182 1030 re
1204 984 1406 1031 militari
1425 983 1540 1040 fuit,
1558 992 1755 1031 tantam

268 1082 319 1125 in
351 1094 411 1124 eo
444 1079 701 1129 virtutem,
732 1073 1073 1135 prudentiam,
1106 1072 1274 1128 fidem,
1305 1079 1606 1135 tantamque
1637 1090 1758 1136 erga

269 1182 350 1213 me
392 1162 799 1211 benevolentiam
841 1164 1069 1224 cognovi,
1111 1167 1167 1206 ut
1208 1159 1462 1206 hominem
1503 1164 1757 1208 neminem

269 1254 421 1317 pluris
459 1251 656 1297 faciam.
726 1249 855 1295 Eum
895 1265 1008 1294 cum
1048 1247 1299 1294 Sardianis
1338 1247 1526 1295 habere
1563 1256 1758 1296 contro-

271 1344 482 1388 versiam
504 1342 596 1385 scis
620 1353 631 1393 3
670 1353 873 1383 causam
895 1337 987 1382 tibi
1014 1339 1334 1398 exposuimus
1368 1335 1574 1398 Ephesi,
1606 1353 1757 1399 quam

217 1438 242 1476 2
267 1437 323 1476 tu
360 1435 534 1475 tamen
571 1442 737 1471 coram
776 1423 968 1469 facilius
1006 1423 1286 1485 meliusque
1323 1441 1608 1488 cognosces
1678 1425 1758 1471 De

266 1516 458 1578 reliquo
485 1512 623 1568 mihi,
648 1511 954 1566 mehercule,
981 1511 1066 1557 diu
1092 1511 1301 1557 dubium
1331 1509 1444 1566 fuit,
1470 1511 1591 1574 quid
1616 1512 1681 1559 ad
1705 1520 1759 1560 te

269 1606 585 1667 potissimum
642 1601 928 1647 scriberem.
998 1598 1081 1645 Ius
1141 1602 1274 1645 enim
1332 1599 1759 1662 quemadmodum

269 1693 422 1746 dicas,
457 1690 644 1736 clarum
683 1695 736 1735 et
771 1704 957 1751 magna
992 1704 1105 1733 cum
1142 1694 1232 1733 tua
1266 1686 1415 1734 laude
1452 1695 1628 1734 notum
1665 1696 1758 1736 est.

271 1780 425 1826 Nobis
460 1784 633 1823 autem
666 1780 717 1821 in
750 1774 843 1821 hac
876 1791 1027 1821 causa
1061 1774 1180 1820 nihil
1215 1773 1350 1821 aliud
1382 1792 1506 1837 opus
1541 1782 1636 1832 est,
1669 1779 1759 1823 nisi

274 1875 327 1915 te
354 1870 429 1913 ius
455 1868 691 1912 instituto
718 1870 807 1910 tuo
834 1863 1016 1909 dicere.
1085 1862 1185 1908 Sed
1213 1870 1386 1908 tamen
1413 1880 1526 1909 cum
1554 1880 1635 1910 me
1662 1882 1760 1911 non

271 1955 452 2018 fugiat,
483 1959 675 2015 quanta
704 1955 769 1997 sit
798 1954 849 1996 in
879 1957 1112 2012 praetore
1146 1954 1434 2006 auctoritas,
1464 1956 1759 2012 praesertim

271 2047 367 2090 ista
386 2044 702 2104 integritate,
719 2042 989 2102 gravitate,
1009 2037 1296 2093 clementia,
1317 2055 1417 2101 qua
1433 2045 1484 2085 te
1504 2056 1611 2085 esse
1631 2043 1762 2086 inter

273 2147 446 2178 omnes
469 2135 686 2183 constat,
707 2134 829 2189 peto
853 2127 940 2172 abs
963 2133 1034 2182 te,
1056 2142 1145 2188 pro
1168 2133 1338 2172 nostra
1359 2129 1763 2174 coniunctissima

274 2216 646 2265 necessitudine
677 2215 1004 2277 plurimisque
1035 2214 1202 2260 officiis
1234 2214 1437 2276 paribus
1470 2230 1526 2260 ac
1557 2219 1762 2272 mutuis,

274 2313 333 2354 ut
358 2305 639 2359 voluntate,
667 2306 989 2357 auctoritate,
1016 2302 1184 2348 studio
1211 2309 1300 2348 tuo
1326 2301 1573 2364 perficias,
1600 2310 1657 2350 ut
1686 2304 1759 2351 M.

786 2457 805 2477 ‘³
834 2450 916 2492 See
939 2449 1105 2490 Introd.
1132 2449 1262 2493 Note.

882 2504 898 2529 δ
931 2504 982 2544 ln
1007 2504 1165 2555 Lydia.

288 2580 380 2620 132
