1837 3029
854 206 1103 254 CICERO

233 339 464 400 imperii3
522 338 662 382 cuius
701 351 898 382 summa
938 337 1158 397 gravitas
1200 334 1264 380 ab
1304 332 1388 380 illo
1428 331 1724 396 philosopho

235 448 349 479 cum
383 429 621 494 singulari
654 432 894 475 comitate
929 431 1283 491 coniungitur3
1337 427 1482 491 (quos
1517 427 1723 491 quidem

235 525 385 572 libros
406 541 506 570 non
527 527 633 569 sine
655 539 806 568 causa
826 529 997 568 noster
1017 521 1098 568 ille
1122 520 1386 567 Africanus
1408 521 1473 568 de
1493 522 1725 568 manibus

237 634 424 682 ponere
448 634 547 663 non
570 616 766 663 solebat
788 631 799 671 3
840 615 1032 662 nullum
1057 623 1134 662 est
1158 619 1289 661 enim
1314 618 1723 677 praetermissum

238 717 288 759 in
312 712 386 758 his
409 712 623 758 officium
649 710 904 773 diligentis
935 716 988 756 et
1016 709 1264 755 moderati
1288 711 1466 771 imperi
1489 709 1521 772 ς)
1546 724 1726 772 eaque,

234 810 274 854 si
303 810 372 852 sic
400 805 554 852 coluit
581 804 682 861 ille,
711 807 795 867 qui
825 807 1048 866 privatus
1077 802 1276 850 futurus
1306 820 1581 866 numquam
1611 802 1725 858 fuit,

236 917 454 964 quonam
491 900 640 946 modo
675 899 944 945 retinenda
978 905 1096 944 sunt
1131 901 1206 953 iis,
1243 899 1423 960 quibus
1459 900 1724 960 imperium

237 999 309 1042 ita
334 995 511 1042 datum
537 1000 632 1049 est,
658 1000 715 1039 ut
740 993 1031 1048 redderent,
1057 999 1110 1038 et
1136 993 1199 1037 ab
1225 991 1299 1037 his
1325 991 1521 1055 legibus
1547 991 1723 1038 datum

158 1096 211 1136 24
236 1096 331 1144 est,
375 1088 438 1134 ad
482 1103 605 1150 quas
650 1087 1006 1132 revertendum
1051 1086 1169 1132 est?
1238 1086 1312 1131 Ac
1354 1085 1475 1131 mihi
1519 1085 1724 1148 quidem

237 1183 471 1229 videntur
499 1179 596 1227 huc
627 1183 795 1226 omnia
827 1196 934 1225 esse
965 1178 1231 1225 referenda
1261 1182 1337 1235 iis,
1369 1183 1453 1242 qui
1484 1185 1726 1241 praesunt

237 1276 360 1331 aliis,
396 1281 455 1322 ut
487 1277 539 1330 ii,
575 1277 660 1337 qui
696 1281 846 1319 erunt
881 1289 1053 1319 eorum
1089 1277 1139 1318 in
1175 1276 1402 1335 imperio,
1437 1275 1538 1320 sint
1572 1289 1725 1335 quam

237 1371 549 1423 beatissimi3
599 1367 735 1430 quod
765 1367 859 1413 tibi
892 1373 946 1413 et
978 1382 1086 1413 esse
1121 1370 1542 1429 antiquissimum,
1575 1373 1629 1413 et
1661 1365 1728 1412 ab

236 1467 377 1510 initio
415 1462 587 1518 fuisse,
626 1468 684 1508 ut
720 1464 938 1524 primum
977 1462 1151 1507 Asiam
1189 1464 1424 1524 attigisti,
1460 1467 1727 1507 constante

237 1558 372 1604 fama
408 1564 563 1620 atque
598 1559 822 1603 omnium
857 1572 1088 1602 sermone
1123 1555 1437 1602 celebratum
1473 1562 1566 1602 est.
1634 1555 1728 1601 Est

236 1660 409 1699 autem
433 1668 532 1698 non
555 1651 705 1697 modo
730 1654 853 1705 eius,
878 1654 961 1713 qui
986 1653 1127 1696 sociis
1153 1656 1206 1696 et
1228 1651 1435 1705 civibus,
1458 1650 1548 1697 sed
1573 1653 1728 1696 etiam

238 1750 362 1802 eius,
390 1749 476 1809 qui
503 1748 674 1800 servis,
703 1748 788 1807 qui
815 1748 968 1790 mutis
997 1745 1274 1807 pecudibus
1302 1747 1508 1806 praesit,
1537 1760 1728 1799 eorum,

155 1848 207 1887 25
232 1842 412 1904 quibus
435 1843 642 1902 praesit,
667 1839 939 1885 commodis
966 1838 1275 1902 utilitatique
1303 1842 1503 1886 servire.
1573 1838 1725 1885 Cuius

239 1935 445 1998 quidem
481 1936 681 1996 generis
717 1940 949 1979 constare
983 1935 1119 1979 inter
1153 1949 1327 1979 omnes
1366 1933 1510 1980 video
1548 1933 1637 1980 abs
1674 1939 1729 1979 te

236 2044 483 2075 summam
515 2026 741 2074 adhiberi
771 2026 1122 2089 diligentiam3
1170 2026 1359 2073 nullum
1392 2043 1476 2073 aes
1508 2026 1727 2072 alienum

238 2139 421 2169 novum
446 2120 674 2168 contrahi
699 2122 986 2168 civitatibus
1009 2136 1022 2177 ;
1064 2128 1238 2167 vetere
1265 2128 1438 2167 autem
1463 2138 1648 2184 magno
1675 2127 1729 2168 et

236 2220 374 2280 gravi
400 2215 584 2262 multas
611 2216 699 2262 abs
724 2222 778 2262 te
805 2231 913 2262 esse
938 2215 1176 2262 liberatas
1200 2230 1212 2271 ;
1256 2216 1404 2262 urbes
1429 2215 1727 2278 complures,

236 2311 428 2357 dirutas
464 2326 522 2356 ac
557 2326 720 2372 paene
760 2310 1005 2366 desertas,
1040 2310 1112 2372 (in
1148 2310 1329 2372 quibus
1366 2326 1517 2356 unam
1556 2309 1728 2355 Ioniae

238 2403 612 2459 nobilissimam,
639 2404 849 2449 alteram
881 2404 1075 2460 Cariae,
1099 2403 1305 2449 Samum
1330 2410 1385 2451 et
1415 2403 1729 2450 Halicarnas-

237 2498 386 2561 suin,)
419 2513 510 2562 per
543 2505 597 2544 te
631 2514 740 2546 esse
773 2505 1061 2554 recreatas3
1111 2497 1272 2544 nullas
1306 2513 1415 2545 esse
1447 2501 1500 2545 in
1531 2498 1728 2562 oppidis

248 2612 345 2655 412
