1837 3029
852 144 1101 192 CICERO

230 268 401 326 fueris,
434 289 531 318 non
563 272 722 319 solum
757 273 847 318 tibi
881 289 1057 334 parum
1089 271 1413 327 consuluisse,
1443 272 1533 318 sed
1566 274 1720 317 etiam

153 370 206 409 45
231 368 329 412 tuis
373 367 607 413 invidisse
652 367 880 413 videaris.
948 366 1085 412 XVI.
1131 367 1305 429 Atque
1348 365 1474 412 haec
1517 383 1617 412 non
1663 381 1723 411 eo

230 459 482 516 dicuntur,
506 468 562 507 ut
586 468 638 507 te
662 465 823 508 oratio
846 478 960 507 mea
983 461 1319 507 dormientem
1345 463 1610 515 excitasse,
1633 459 1723 506 sed

232 558 417 616 potius,
438 562 495 602 ut
514 562 801 602 currentem
823 559 1057 602 incitasse
1080 555 1325 601 videatur.
1396 555 1568 601 Facies
1590 556 1722 600 enim

231 656 498 711 perpetuo,
532 666 663 713 quae
698 648 879 705 fecisti,
915 657 972 696 ut
1006 666 1179 696 omnes
1215 652 1531 712 aequitatem
1563 655 1724 702 tuam,

234 747 644 806 temperantiam,
686 748 1012 791 severitatem
1056 747 1510 808 integritatemque
1552 741 1714 789 lauda·

233 845 362 884 rent.
431 838 531 886 Sed
568 855 649 885 me
687 839 938 902 quaedam
976 846 1140 894 tenet,
1177 845 1384 901 propter
1419 836 1724 901 singularem

234 949 475 988 amorem,
504 933 702 980 infinita
733 937 784 980 in
814 940 867 980 te
900 934 1113 979 aviditas
1143 932 1368 995 gloriae;
1417 947 1725 996 quamquam

234 1025 355 1073 illud
390 1030 642 1082 existimo,
676 1044 789 1073 cum
825 1030 923 1073 iam
960 1028 1052 1073 tibi
1089 1027 1227 1081 Asia,
1261 1029 1391 1073 sicut
1425 1029 1511 1072 uni
1545 1027 1726 1088 cuique

234 1136 323 1167 sua
349 1120 544 1177 domus,
569 1128 691 1168 nota
717 1137 825 1168 esse
852 1121 1058 1176 debeat,
1083 1137 1197 1167 cum
1224 1121 1287 1167 ad
1313 1127 1454 1167 tuam
1479 1135 1728 1166 summam

234 1215 557 1277 prudentiam
591 1222 766 1262 tantus
802 1232 919 1262 usus
956 1217 1239 1270 accesserit,
1274 1213 1396 1260 nihil
1432 1230 1558 1269 esse,
1593 1212 1728 1276 quod

236 1309 301 1356 ad
333 1308 535 1356 laudem
570 1312 808 1365 attineat,
842 1309 977 1371 quod
1011 1326 1109 1355 non
1144 1315 1200 1355 tu
1234 1312 1425 1370 optime
1459 1309 1728 1370 perspicias

237 1409 291 1449 et
329 1403 422 1450 tibi
463 1420 563 1450 non
602 1406 709 1450 sine
749 1406 1045 1466 cuiusquam
1086 1401 1373 1449 hortatione
1412 1404 1463 1447 in
1503 1407 1728 1447 mentem

237 1499 407 1544 veniat
450 1497 693 1560 quotidie.
761 1496 862 1544 Sed
907 1513 1019 1560 ego,
1064 1499 1167 1559 qui,
1211 1513 1324 1542 cum
1368 1502 1459 1542 tua
1501 1494 1632 1559 lego,
1675 1499 1729 1540 te

237 1592 429 1648 audire,
456 1599 510 1638 et
536 1595 639 1654 qui,
666 1609 779 1638 cum
809 1592 872 1638 ad
899 1598 952 1638 te
979 1592 1157 1646 scribo,
1184 1598 1354 1637 tecum
1380 1589 1516 1653 loqui
1542 1589 1730 1643 videor,

237 1686 419 1733 idcirco
460 1693 514 1733 et
553 1693 644 1733 tua
683 1685 973 1750 longissima
1013 1701 1216 1748 quaque
1257 1683 1474 1747 epistula
1510 1686 1730 1730 maxime

237 1779 478 1836 delector,
523 1787 577 1827 et
619 1783 726 1843 ipse
770 1783 820 1826 in
864 1780 1127 1827 scribendo
1170 1796 1322 1842 saepe
1367 1796 1477 1826 sum
1519 1777 1727 1841 longior.

160 1882 212 1920 46
241 1874 369 1922 Illud
395 1881 448 1921 te
476 1875 539 1921 ad
567 1882 852 1921 extremum
881 1881 934 1921 et
960 1891 1045 1921 oro
1073 1881 1126 1920 et
1152 1873 1341 1928 hortor,
1369 1880 1442 1928 ut,
1468 1879 1729 1935 tamquam

237 1976 421 2031 poetae
466 1969 583 2016 boni
629 1975 682 2015 et
726 1976 920 2015 actores
965 1969 1196 2015 industrii
1241 1967 1423 2022 solent,
1466 1970 1535 2013 sic
1577 1972 1635 2013 tu
1679 1969 1729 2011 in

238 2070 469 2111 extrema
500 2070 646 2126 parte
677 2070 730 2110 et
757 2063 1074 2110 conclusione
1110 2065 1331 2109 muneris
1363 2078 1420 2108 ac
1449 2063 1622 2125 negoti
1655 2062 1729 2107 tui

237 2157 648 2221 diligentissimus
684 2161 766 2213 sis,
803 2164 861 2204 ut
896 2156 975 2204 hic
1010 2159 1192 2203 tertius
1229 2172 1388 2202 annus
1423 2158 1602 2217 imperi
1637 2157 1730 2209 tui,

238 2259 500 2314 tamquam
539 2255 720 2298 tertius
761 2259 920 2308 actus,
958 2249 1353 2315 perfectissimus
1394 2257 1549 2313 atque
1588 2265 1731 2296 orna-

238 2349 458 2392 tissimus
494 2344 647 2392 fuisse
684 2346 930 2393 videatur.
1001 2345 1062 2392 Id
1096 2344 1330 2391 facillime
1366 2342 1536 2399 facies,
1572 2345 1613 2390 si
1648 2358 1730 2389 me

238 2439 338 2503 (cui
391 2455 591 2502 semper
644 2442 729 2485 uni
781 2443 960 2504 magis,
1014 2455 1166 2503 quam
1221 2440 1480 2493 universis,
1532 2436 1731 2500 placere

247 2537 342 2585 436
