<?xml version="1.0" encoding="UTF-8"?>
<!DOCTYPE html PUBLIC "-//W3C//DTD XHTML 1.0 Transitional//EN"
    "http://www.w3.org/TR/xhtml1/DTD/xhtml1-transitional.dtd">
<html xmlns="http://www.w3.org/1999/xhtml" xml:lang="en" lang="en">
 <head>
  <title>
</title>
<meta http-equiv="Content-Type" content="text/html;charset=utf-8" />
  <meta name='ocr-system' content='tesseract 3.04.00' />
  <meta name='ocr-capabilities' content='ocr_page ocr_carea ocr_par ocr_line ocrx_word'/>
</head>
<body>
  <div class='ocr_page' id='page_1' title='image "./letterstohisfrie03ciceuoft_0224.png"; bbox 0 0 1837 3029; ppageno 0'>
   <div class='ocr_carea' id='block_1_1' title="bbox 834 153 1086 201">
    <p class='ocr_par' dir='ltr' id='par_1_1' title="bbox 834 153 1086 201">
     <span class='ocr_line' id='line_1_1' title="bbox 834 153 1086 201; baseline 0.004 -1"><span class='ocrx_word' id='word_1_1' title='bbox 834 153 1086 201; x_wconf 85' lang='lat' dir='ltr'>CICERO</span> 
     </span>
    </p>
   </div>
   <div class='ocr_carea' id='block_1_2' title="bbox 160 282 1701 2534">
    <p class='ocr_par' dir='ltr' id='par_1_2' title="bbox 160 282 1701 2534">
     <span class='ocr_line' id='line_1_2' title="bbox 212 282 1701 347; baseline 0.002 -21"><span class='ocrx_word' id='word_1_2' title='bbox 212 284 349 343; x_wconf 84' lang='lat' dir='ltr'><strong>cipis.</strong></span> <span class='ocrx_word' id='word_1_3' title='bbox 418 283 623 338; x_wconf 77' lang='lat' dir='ltr'><strong>Amicis,</strong></span> <span class='ocrx_word' id='word_1_4' title='bbox 666 283 846 346; x_wconf 87' lang='lat' dir='ltr'><strong>quibus</strong></span> <span class='ocrx_word' id='word_1_5' title='bbox 890 282 1106 339; x_wconf 85' lang='lat' dir='ltr'><strong>voluisti,</strong></span> <span class='ocrx_word' id='word_1_6' title='bbox 1149 286 1229 347; x_wconf 86' lang='lat' dir='ltr'><strong>egi</strong></span> <span class='ocrx_word' id='word_1_7' title='bbox 1270 286 1479 347; x_wconf 80' lang='lat' dir='ltr'><strong>gratias,</strong></span> <span class='ocrx_word' id='word_1_8' title='bbox 1520 290 1575 331; x_wconf 88' lang='lat' dir='ltr'><strong>et</strong></span> <span class='ocrx_word' id='word_1_9' title='bbox 1615 298 1701 330; x_wconf 86' lang='lat' dir='ltr'><strong>eas</strong></span> 
     </span>
     <span class='ocr_line' id='line_1_3' title="bbox 212 385 1699 450; baseline 0.001 -19"><span class='ocrx_word' id='word_1_10' title='bbox 212 385 407 433; x_wconf 81' lang='lat' dir='ltr'><strong>litteras</strong></span> <span class='ocrx_word' id='word_1_11' title='bbox 433 387 670 450; x_wconf 79' lang='lat' dir='ltr'><strong>Dexippo</strong></span> <span class='ocrx_word' id='word_1_12' title='bbox 694 388 830 443; x_wconf 90' lang='lat' dir='ltr'><strong>dedi,</strong></span> <span class='ocrx_word' id='word_1_13' title='bbox 853 404 1038 450; x_wconf 89' lang='lat' dir='ltr'><strong>meque</strong></span> <span class='ocrx_word' id='word_1_14' title='bbox 1063 389 1126 435; x_wconf 91' lang='lat' dir='ltr'><strong>de</strong></span> <span class='ocrx_word' id='word_1_15' title='bbox 1152 405 1324 435; x_wconf 90' lang='lat' dir='ltr'><strong>eorum</strong></span> <span class='ocrx_word' id='word_1_16' title='bbox 1347 388 1507 435; x_wconf 88' lang='lat' dir='ltr'><strong>officio</strong></span> <span class='ocrx_word' id='word_1_17' title='bbox 1529 389 1699 450; x_wconf 87' lang='lat' dir='ltr'><strong>scripsi</strong></span> 
     </span>
     <span class='ocr_line' id='line_1_4' title="bbox 212 490 1700 539; baseline 0.001 -4"><span class='ocrx_word' id='word_1_18' title='bbox 212 505 241 535; x_wconf 85' lang='lat' dir='ltr'><strong>a</strong></span> <span class='ocrx_word' id='word_1_19' title='bbox 267 497 320 536; x_wconf 86' lang='lat' dir='ltr'><strong>te</strong></span> <span class='ocrx_word' id='word_1_20' title='bbox 347 495 613 537; x_wconf 85' lang='lat' dir='ltr'><strong>certiorem</strong></span> <span class='ocrx_word' id='word_1_21' title='bbox 642 507 751 537; x_wconf 87' lang='lat' dir='ltr'><strong>esse</strong></span> <span class='ocrx_word' id='word_1_22' title='bbox 777 490 985 538; x_wconf 88' lang='lat' dir='ltr'><strong>factum.</strong></span> <span class='ocrx_word' id='word_1_23' title='bbox 1055 491 1287 538; x_wconf 85' lang='lat' dir='ltr'><strong>Pisonem</strong></span> <span class='ocrx_word' id='word_1_24' title='bbox 1315 499 1541 539; x_wconf 89' lang='lat' dir='ltr'><strong>nostrum</strong></span> <span class='ocrx_word' id='word_1_25' title='bbox 1568 494 1700 538; x_wconf 89' lang='lat' dir='ltr'><strong>miri-</strong></span> 
     </span>
     <span class='ocr_line' id='line_1_5' title="bbox 213 593 1700 660; baseline 0.001 -21"><span class='ocrx_word' id='word_1_26' title='bbox 213 593 304 639; x_wconf 84' lang='lat' dir='ltr'><strong>fico</strong></span> <span class='ocrx_word' id='word_1_27' title='bbox 336 611 444 640; x_wconf 77' lang='lat' dir='ltr'><strong>esse</strong></span> <span class='ocrx_word' id='word_1_28' title='bbox 475 596 643 641; x_wconf 81' lang='lat' dir='ltr'><strong>studio</strong></span> <span class='ocrx_word' id='word_1_29' title='bbox 672 598 722 641; x_wconf 92' lang='lat' dir='ltr'><strong>in</strong></span> <span class='ocrx_word' id='word_1_30' title='bbox 753 612 842 641; x_wconf 88' lang='lat' dir='ltr'><strong>nos</strong></span> <span class='ocrx_word' id='word_1_31' title='bbox 873 603 927 642; x_wconf 90' lang='lat' dir='ltr'><strong>et</strong></span> <span class='ocrx_word' id='word_1_32' title='bbox 955 595 1132 651; x_wconf 87' lang='lat' dir='ltr'><strong>offici0,</strong></span> <span class='ocrx_word' id='word_1_33' title='bbox 1163 603 1216 643; x_wconf 92' lang='lat' dir='ltr'><strong>et</strong></span> <span class='ocrx_word' id='word_1_34' title='bbox 1247 612 1342 660; x_wconf 87' lang='lat' dir='ltr'><strong>ego</strong></span> <span class='ocrx_word' id='word_1_35' title='bbox 1372 598 1618 659; x_wconf 89' lang='lat' dir='ltr'><strong>perspicio</strong></span> <span class='ocrx_word' id='word_1_36' title='bbox 1647 601 1700 641; x_wconf 91' lang='lat' dir='ltr'><strong>et</strong></span> 
     </span>
     <span class='ocr_line' id='line_1_6' title="bbox 210 697 1699 764; baseline 0 -21"><span class='ocrx_word' id='word_1_37' title='bbox 210 714 385 743; x_wconf 83' lang='lat' dir='ltr'><strong>omnes</strong></span> <span class='ocrx_word' id='word_1_38' title='bbox 423 699 734 760; x_wconf 79' lang='lat' dir='ltr'><strong>praedicant.</strong></span> <span class='ocrx_word' id='word_1_39' title='bbox 805 700 870 746; x_wconf 94' lang='lat' dir='ltr'><strong>Di</strong></span> <span class='ocrx_word' id='word_1_40' title='bbox 909 698 1091 755; x_wconf 80' lang='lat' dir='ltr'><strong>faxint,</strong></span> <span class='ocrx_word' id='word_1_41' title='bbox 1130 707 1187 746; x_wconf 93' lang='lat' dir='ltr'><strong>ut</strong></span> <span class='ocrx_word' id='word_1_42' title='bbox 1225 699 1313 747; x_wconf 87' lang='lat' dir='ltr'><strong>tali</strong></span> <span class='ocrx_word' id='word_1_43' title='bbox 1352 715 1542 764; x_wconf 86' lang='lat' dir='ltr'><strong>genero</strong></span> <span class='ocrx_word' id='word_1_44' title='bbox 1578 697 1699 744; x_wconf 79' lang='lat' dir='ltr'><strong>mihi</strong></span> 
     </span>
     <span class='ocr_line' id='line_1_7' title="bbox 209 801 1699 863; baseline 0.002 -17"><span class='ocrx_word' id='word_1_45' title='bbox 209 806 464 863; x_wconf 78' lang='lat' dir='ltr'><strong>praesenti</strong></span> <span class='ocrx_word' id='word_1_46' title='bbox 509 809 678 850; x_wconf 88' lang='lat' dir='ltr'><strong>tecum</strong></span> <span class='ocrx_word' id='word_1_47' title='bbox 723 802 869 850; x_wconf 89' lang='lat' dir='ltr'><strong>simul</strong></span> <span class='ocrx_word' id='word_1_48' title='bbox 914 811 967 851; x_wconf 92' lang='lat' dir='ltr'><strong>et</strong></span> <span class='ocrx_word' id='word_1_49' title='bbox 1010 820 1123 850; x_wconf 91' lang='lat' dir='ltr'><strong>cum</strong></span> <span class='ocrx_word' id='word_1_50' title='bbox 1167 803 1336 850; x_wconf 89' lang='lat' dir='ltr'><strong>liberis</strong></span> <span class='ocrx_word' id='word_1_51' title='bbox 1379 806 1561 850; x_wconf 91' lang='lat' dir='ltr'><strong>nostris</strong></span> <span class='ocrx_word' id='word_1_52' title='bbox 1603 801 1699 849; x_wconf 83' lang='lat' dir='ltr'><strong>frui</strong></span> 
     </span>
     <span class='ocr_line' id='line_1_8' title="bbox 210 904 1699 970; baseline 0.001 -19"><span class='ocrx_word' id='word_1_53' title='bbox 210 904 360 951; x_wconf 83' lang='lat' dir='ltr'><strong>liceat</strong></span> <span class='ocrx_word' id='word_1_54' title='bbox 384 906 392 952; x_wconf 90' lang='lat'>!</span> <span class='ocrx_word' id='word_1_55' title='bbox 464 906 607 953; x_wconf 89' lang='lat' dir='ltr'><strong>Nunc</strong></span> <span class='ocrx_word' id='word_1_56' title='bbox 628 923 741 969; x_wconf 91' lang='lat' dir='ltr'><strong>spes</strong></span> <span class='ocrx_word' id='word_1_57' title='bbox 762 906 956 970; x_wconf 85' lang='lat' dir='ltr'><strong>reliqua</strong></span> <span class='ocrx_word' id='word_1_58' title='bbox 978 915 1054 954; x_wconf 85' lang='lat' dir='ltr'><strong>est</strong></span> <span class='ocrx_word' id='word_1_59' title='bbox 1076 911 1125 954; x_wconf 92' lang='lat' dir='ltr'><strong>in</strong></span> <span class='ocrx_word' id='word_1_60' title='bbox 1148 911 1285 953; x_wconf 88' lang='lat' dir='ltr'><strong>novis</strong></span> <span class='ocrx_word' id='word_1_61' title='bbox 1307 908 1520 954; x_wconf 88' lang='lat' dir='ltr'><strong>tribunis</strong></span> <span class='ocrx_word' id='word_1_62' title='bbox 1539 905 1699 969; x_wconf 79' lang='lat' dir='ltr'><strong>plebis</strong></span> 
     </span>
     <span class='ocr_line' id='line_1_9' title="bbox 212 1011 1699 1074; baseline 0.001 -19"><span class='ocrx_word' id='word_1_63' title='bbox 212 1012 331 1055; x_wconf 86' lang='lat' dir='ltr'><strong>etin</strong></span> <span class='ocrx_word' id='word_1_64' title='bbox 348 1013 519 1072; x_wconf 90' lang='lat' dir='ltr'><strong>primis</strong></span> <span class='ocrx_word' id='word_1_65' title='bbox 537 1011 742 1074; x_wconf 87' lang='lat' dir='ltr'><strong>quidem</strong></span> <span class='ocrx_word' id='word_1_66' title='bbox 760 1011 938 1058; x_wconf 89' lang='lat' dir='ltr'><strong>diebus</strong></span> <span class='ocrx_word' id='word_1_67' title='bbox 962 1027 973 1067; x_wconf 90' lang='lat'>;</span> <span class='ocrx_word' id='word_1_68' title='bbox 1009 1028 1124 1058; x_wconf 87' lang='lat' dir='ltr'><strong>nam</strong></span> <span class='ocrx_word' id='word_1_69' title='bbox 1143 1015 1182 1058; x_wconf 89' lang='lat' dir='ltr'><strong>si</strong></span> <span class='ocrx_word' id='word_1_70' title='bbox 1200 1014 1513 1067; x_wconf 87' lang='lat' dir='ltr'><strong>inveterarit,</strong></span> <span class='ocrx_word' id='word_1_71' title='bbox 1530 1016 1699 1057; x_wconf 88' lang='lat' dir='ltr'><strong>actum</strong></span> 
     </span>
     <span class='ocr_line' id='line_1_10' title="bbox 160 1113 1700 1171; baseline 0.001 -13"><span class='ocrx_word' id='word_1_72' title='bbox 160 1120 185 1157; x_wconf 84' lang='lat'>4</span> <span class='ocrx_word' id='word_1_73' title='bbox 211 1120 303 1160; x_wconf 88' lang='lat' dir='ltr'><strong>est.</strong></span> <span class='ocrx_word' id='word_1_74' title='bbox 372 1113 446 1160; x_wconf 89' lang='lat' dir='ltr'><strong>Ea</strong></span> <span class='ocrx_word' id='word_1_75' title='bbox 471 1130 525 1161; x_wconf 88' lang='lat' dir='ltr'><strong>re</strong></span> <span class='ocrx_word' id='word_1_76' title='bbox 550 1115 613 1161; x_wconf 90' lang='lat' dir='ltr'><strong>ad</strong></span> <span class='ocrx_word' id='word_1_77' title='bbox 639 1121 691 1161; x_wconf 86' lang='lat' dir='ltr'><strong>te</strong></span> <span class='ocrx_word' id='word_1_78' title='bbox 715 1119 890 1162; x_wconf 84' lang='lat' dir='ltr'><strong>statim</strong></span> <span class='ocrx_word' id='word_1_79' title='bbox 916 1116 1270 1162; x_wconf 81' lang='lat' dir='ltr'><strong>Aristocritum</strong></span> <span class='ocrx_word' id='word_1_80' title='bbox 1295 1118 1424 1171; x_wconf 87' lang='lat' dir='ltr'><strong>misi,</strong></span> <span class='ocrx_word' id='word_1_81' title='bbox 1448 1121 1506 1162; x_wconf 90' lang='lat' dir='ltr'><strong>ut</strong></span> <span class='ocrx_word' id='word_1_82' title='bbox 1530 1113 1594 1162; x_wconf 84' lang='lat' dir='ltr'><strong>ad</strong></span> <span class='ocrx_word' id='word_1_83' title='bbox 1617 1127 1700 1160; x_wconf 87' lang='lat' dir='ltr'><strong>me</strong></span> 
     </span>
     <span class='ocr_line' id='line_1_11' title="bbox 209 1220 1699 1282; baseline 0.001 -20"><span class='ocrx_word' id='word_1_84' title='bbox 209 1220 448 1264; x_wconf 91' lang='lat' dir='ltr'><strong>continuo</strong></span> <span class='ocrx_word' id='word_1_85' title='bbox 467 1221 609 1265; x_wconf 85' lang='lat' dir='ltr'><strong>initia</strong></span> <span class='ocrx_word' id='word_1_86' title='bbox 629 1235 796 1266; x_wconf 89' lang='lat' dir='ltr'><strong>rerum</strong></span> <span class='ocrx_word' id='word_1_87' title='bbox 817 1226 870 1266; x_wconf 92' lang='lat' dir='ltr'><strong>et</strong></span> <span class='ocrx_word' id='word_1_88' title='bbox 889 1223 1137 1266; x_wconf 80' lang='lat' dir='ltr'><strong>rationem</strong></span> <span class='ocrx_word' id='word_1_89' title='bbox 1158 1223 1315 1266; x_wconf 89' lang='lat' dir='ltr'><strong>totius</strong></span> <span class='ocrx_word' id='word_1_90' title='bbox 1335 1221 1509 1282; x_wconf 86' lang='lat' dir='ltr'><strong>negoti</strong></span> <span class='ocrx_word' id='word_1_91' title='bbox 1528 1232 1699 1281; x_wconf 90' lang='lat' dir='ltr'><strong>posses</strong></span> 
     </span>
     <span class='ocr_line' id='line_1_12' title="bbox 208 1322 1699 1386; baseline 0 -20"><span class='ocrx_word' id='word_1_92' title='bbox 208 1322 456 1376; x_wconf 88' lang='lat' dir='ltr'><strong>scribere;</strong></span> <span class='ocrx_word' id='word_1_93' title='bbox 494 1326 589 1368; x_wconf 86' lang='lat' dir='ltr'><strong>etsi</strong></span> <span class='ocrx_word' id='word_1_94' title='bbox 622 1323 859 1385; x_wconf 85' lang='lat' dir='ltr'><strong>Dexippo</strong></span> <span class='ocrx_word' id='word_1_95' title='bbox 889 1340 1091 1386; x_wconf 89' lang='lat' dir='ltr'><strong>quoque</strong></span> <span class='ocrx_word' id='word_1_96' title='bbox 1127 1327 1200 1370; x_wconf 86' lang='lat' dir='ltr'><strong>ita</strong></span> <span class='ocrx_word' id='word_1_97' title='bbox 1229 1325 1490 1386; x_wconf 86' lang='lat' dir='ltr'><strong>imperavi,</strong></span> <span class='ocrx_word' id='word_1_98' title='bbox 1524 1324 1699 1368; x_wconf 89' lang='lat' dir='ltr'><strong>statim</strong></span> 
     </span>
     <span class='ocr_line' id='line_1_13' title="bbox 210 1424 1699 1484; baseline 0.001 -14"><span class='ocrx_word' id='word_1_99' title='bbox 210 1432 268 1471; x_wconf 87' lang='lat' dir='ltr'><strong>ut</strong></span> <span class='ocrx_word' id='word_1_100' title='bbox 297 1433 614 1482; x_wconf 81' lang='lat' dir='ltr'><strong>recurreret3</strong></span> <span class='ocrx_word' id='word_1_101' title='bbox 664 1434 718 1473; x_wconf 89' lang='lat' dir='ltr'><strong>et</strong></span> <span class='ocrx_word' id='word_1_102' title='bbox 749 1427 813 1474; x_wconf 90' lang='lat' dir='ltr'><strong>ad</strong></span> <span class='ocrx_word' id='word_1_103' title='bbox 843 1426 1053 1474; x_wconf 85' lang='lat' dir='ltr'><strong>fratrem</strong></span> <span class='ocrx_word' id='word_1_104' title='bbox 1085 1430 1214 1484; x_wconf 88' lang='lat' dir='ltr'><strong>misi,</strong></span> <span class='ocrx_word' id='word_1_105' title='bbox 1245 1435 1303 1474; x_wconf 87' lang='lat' dir='ltr'><strong>ut</strong></span> <span class='ocrx_word' id='word_1_106' title='bbox 1333 1427 1509 1474; x_wconf 89' lang='lat' dir='ltr'><strong>crebro</strong></span> <span class='ocrx_word' id='word_1_107' title='bbox 1539 1424 1699 1472; x_wconf 86' lang='lat' dir='ltr'><strong>tabel-</strong></span> 
     </span>
     <span class='ocr_line' id='line_1_14' title="bbox 208 1528 1698 1596; baseline 0.001 -21"><span class='ocrx_word' id='word_1_108' title='bbox 208 1528 354 1576; x_wconf 90' lang='lat' dir='ltr'><strong>larios</strong></span> <span class='ocrx_word' id='word_1_109' title='bbox 378 1533 625 1578; x_wconf 86' lang='lat' dir='ltr'><strong>mitteret.</strong></span> <span class='ocrx_word' id='word_1_110' title='bbox 695 1530 826 1578; x_wconf 83' lang='lat' dir='ltr'><strong>Nam</strong></span> <span class='ocrx_word' id='word_1_111' title='bbox 850 1548 946 1595; x_wconf 84' lang='lat' dir='ltr'><strong>ego</strong></span> <span class='ocrx_word' id='word_1_112' title='bbox 971 1548 1031 1578; x_wconf 91' lang='lat' dir='ltr'><strong>eo</strong></span> <span class='ocrx_word' id='word_1_113' title='bbox 1054 1535 1256 1578; x_wconf 90' lang='lat' dir='ltr'><strong>nomine</strong></span> <span class='ocrx_word' id='word_1_114' title='bbox 1280 1548 1391 1578; x_wconf 89' lang='lat' dir='ltr'><strong>sum</strong></span> <span class='ocrx_word' id='word_1_115' title='bbox 1417 1528 1698 1596; x_wconf 82' lang='lat' dir='ltr'><strong>Dyrrhachi</strong></span> 
     </span>
     <span class='ocr_line' id='line_1_15' title="bbox 208 1632 1698 1700; baseline 0.001 -21"><span class='ocrx_word' id='word_1_116' title='bbox 208 1632 303 1680; x_wconf 91' lang='lat' dir='ltr'><strong>hoc</strong></span> <span class='ocrx_word' id='word_1_117' title='bbox 318 1641 568 1697; x_wconf 89' lang='lat' dir='ltr'><strong>ternpore,</strong></span> <span class='ocrx_word' id='word_1_118' title='bbox 588 1642 642 1682; x_wconf 90' lang='lat' dir='ltr'><strong>ut</strong></span> <span class='ocrx_word' id='word_1_119' title='bbox 660 1652 811 1699; x_wconf 91' lang='lat' dir='ltr'><strong>quam</strong></span> <span class='ocrx_word' id='word_1_120' title='bbox 828 1636 1107 1692; x_wconf 86' lang='lat' dir='ltr'><strong>celerrime,</strong></span> <span class='ocrx_word' id='word_1_121' title='bbox 1125 1636 1246 1700; x_wconf 91' lang='lat' dir='ltr'><strong>quid</strong></span> <span class='ocrx_word' id='word_1_122' title='bbox 1263 1643 1462 1699; x_wconf 84' lang='lat' dir='ltr'><strong>agatur,</strong></span> <span class='ocrx_word' id='word_1_123' title='bbox 1479 1635 1698 1690; x_wconf 87' lang='lat' dir='ltr'><strong>audiam,</strong></span> 
     </span>
     <span class='ocr_line' id='line_1_16' title="bbox 211 1738 1698 1804; baseline 0.001 -20"><span class='ocrx_word' id='word_1_124' title='bbox 211 1745 264 1784; x_wconf 91' lang='lat' dir='ltr'><strong>et</strong></span> <span class='ocrx_word' id='word_1_125' title='bbox 286 1755 395 1785; x_wconf 91' lang='lat' dir='ltr'><strong>sum</strong></span> <span class='ocrx_word' id='word_1_126' title='bbox 419 1746 532 1786; x_wconf 88' lang='lat' dir='ltr'><strong>tuto</strong></span> <span class='ocrx_word' id='word_1_127' title='bbox 556 1755 567 1795; x_wconf 91' lang='grc'><strong>;</strong></span> <span class='ocrx_word' id='word_1_128' title='bbox 607 1743 782 1786; x_wconf 80' lang='lat' dir='ltr'><strong>civitas</strong></span> <span class='ocrx_word' id='word_1_129' title='bbox 807 1744 939 1787; x_wconf 88' lang='lat' dir='ltr'><strong>enim</strong></span> <span class='ocrx_word' id='word_1_130' title='bbox 964 1740 1089 1787; x_wconf 83' lang='lat' dir='ltr'><strong>haec</strong></span> <span class='ocrx_word' id='word_1_131' title='bbox 1111 1756 1312 1804; x_wconf 87' lang='lat' dir='ltr'><strong>semper</strong></span> <span class='ocrx_word' id='word_1_132' title='bbox 1334 1757 1362 1786; x_wconf 86' lang='lat' dir='ltr'><strong>a</strong></span> <span class='ocrx_word' id='word_1_133' title='bbox 1384 1756 1466 1787; x_wconf 88' lang='lat' dir='ltr'><strong>me</strong></span> <span class='ocrx_word' id='word_1_134' title='bbox 1489 1738 1698 1787; x_wconf 83' lang='lat' dir='ltr'><strong>defensa</strong></span> 
     </span>
     <span class='ocr_line' id='line_1_17' title="bbox 211 1843 1697 1917; baseline 0.001 -29"><span class='ocrx_word' id='word_1_135' title='bbox 211 1850 304 1889; x_wconf 88' lang='lat' dir='ltr'><strong>est.</strong></span> <span class='ocrx_word' id='word_1_136' title='bbox 372 1843 498 1890; x_wconf 91' lang='lat' dir='ltr'><strong>Cum</strong></span> <span class='ocrx_word' id='word_1_137' title='bbox 544 1847 729 1890; x_wconf 91' lang='lat' dir='ltr'><strong>inimici</strong></span> <span class='ocrx_word' id='word_1_138' title='bbox 776 1848 932 1892; x_wconf 87' lang='lat' dir='ltr'><strong>nostri</strong></span> <span class='ocrx_word' id='word_1_139' title='bbox 981 1849 1150 1891; x_wconf 84' lang='lat' dir='ltr'><strong>venire</strong></span> <span class='ocrx_word' id='word_1_140' title='bbox 1196 1845 1446 1900; x_wconf 89' lang='lat' dir='ltr'><strong>dicentur,</strong></span> <span class='ocrx_word' id='word_1_141' title='bbox 1491 1851 1602 1917; x_wconf 61' lang='lat' dir='ltr'><strong>turp</strong></span> <span class='ocrx_word' id='word_1_142' title='bbox 1646 1847 1697 1890; x_wconf 88' lang='lat' dir='ltr'><strong>in</strong></span> 
     </span>
     <span class='ocr_line' id='line_1_18' title="bbox 161 1947 1697 2018; baseline 0.003 -27"><span class='ocrx_word' id='word_1_143' title='bbox 161 1954 185 1991; x_wconf 88' lang='lat'><em>5</em></span> <span class='ocrx_word' id='word_1_144' title='bbox 210 1947 418 2008; x_wconf 78' lang='lat' dir='ltr'><strong>Epirum</strong></span> <span class='ocrx_word' id='word_1_145' title='bbox 446 1948 545 1995; x_wconf 93' lang='lat' dir='ltr'><strong>ibo.</strong></span> <span class='ocrx_word' id='word_1_146' title='bbox 587 1948 762 2018; x_wconf 33' lang='lat' dir='ltr'><strong>beuod</strong></span> <span class='ocrx_word' id='word_1_147' title='bbox 791 1950 981 2005; x_wconf 89' lang='lat' dir='ltr'><strong>scribis,</strong></span> <span class='ocrx_word' id='word_1_148' title='bbox 1009 1956 1081 2006; x_wconf 88' lang='lat' dir='ltr'><strong>te,</strong></span> <span class='ocrx_word' id='word_1_149' title='bbox 1110 1952 1150 1996; x_wconf 90' lang='lat' dir='ltr'><strong>si</strong></span> <span class='ocrx_word' id='word_1_150' title='bbox 1179 1949 1347 2005; x_wconf 88' lang='lat' dir='ltr'><strong>velim,</strong></span> <span class='ocrx_word' id='word_1_151' title='bbox 1375 1948 1439 1995; x_wconf 85' lang='lat' dir='ltr'><strong>ad</strong></span> <span class='ocrx_word' id='word_1_152' title='bbox 1468 1964 1550 1995; x_wconf 87' lang='lat' dir='ltr'><strong>me</strong></span> <span class='ocrx_word' id='word_1_153' title='bbox 1579 1964 1697 1995; x_wconf 87' lang='lat' dir='ltr'><strong>ven-</strong></span> 
     </span>
     <span class='ocr_line' id='line_1_19' title="bbox 211 2034 1697 2116; baseline 0.001 -20"><span class='ocrx_word' id='word_1_154' title='bbox 211 2058 395 2106; x_wconf 81' lang='lat' dir='ltr'><strong>turam,</strong></span> <span class='ocrx_word' id='word_1_155' title='bbox 428 2068 523 2115; x_wconf 87' lang='lat' dir='ltr'><strong>ego</strong></span> <span class='ocrx_word' id='word_1_156' title='bbox 556 2034 691 2108; x_wconf 85' lang='lat' dir='ltr'><strong>vero,</strong></span> <span class='ocrx_word' id='word_1_157' title='bbox 723 2070 837 2099; x_wconf 90' lang='lat' dir='ltr'><strong>cum</strong></span> <span class='ocrx_word' id='word_1_158' title='bbox 869 2057 1021 2100; x_wconf 88' lang='lat' dir='ltr'><strong>sciam</strong></span> <span class='ocrx_word' id='word_1_159' title='bbox 1054 2070 1292 2114; x_wconf 75' lang='lat' dir='ltr'><strong>magnam</strong></span> <span class='ocrx_word' id='word_1_160' title='bbox 1324 2060 1522 2116; x_wconf 83' lang='lat' dir='ltr'><strong>partem</strong></span> <span class='ocrx_word' id='word_1_161' title='bbox 1555 2055 1697 2099; x_wconf 90' lang='lat' dir='ltr'><strong>istius</strong></span> 
     </span>
     <span class='ocr_line' id='line_1_20' title="bbox 210 2157 1697 2220; baseline 0.001 -20"><span class='ocrx_word' id='word_1_162' title='bbox 210 2159 373 2201; x_wconf 84' lang='lat' dir='ltr'><strong>oneris</strong></span> <span class='ocrx_word' id='word_1_163' title='bbox 394 2157 481 2202; x_wconf 89' lang='lat' dir='ltr'><strong>abs</strong></span> <span class='ocrx_word' id='word_1_164' title='bbox 502 2164 554 2202; x_wconf 93' lang='lat' dir='ltr'><strong>te</strong></span> <span class='ocrx_word' id='word_1_165' title='bbox 573 2161 827 2213; x_wconf 88' lang='lat' dir='ltr'><strong>sustiueri,</strong></span> <span class='ocrx_word' id='word_1_166' title='bbox 847 2165 899 2204; x_wconf 92' lang='lat' dir='ltr'><strong>te</strong></span> <span class='ocrx_word' id='word_1_167' title='bbox 919 2163 1030 2204; x_wconf 78' lang='lat' dir='ltr'><strong>istic</strong></span> <span class='ocrx_word' id='word_1_168' title='bbox 1050 2174 1159 2205; x_wconf 87' lang='lat' dir='ltr'><strong>esse</strong></span> <span class='ocrx_word' id='word_1_169' title='bbox 1179 2157 1305 2205; x_wconf 89' lang='lat' dir='ltr'><strong>volo.</strong></span> <span class='ocrx_word' id='word_1_170' title='bbox 1373 2157 1422 2204; x_wconf 92' lang='lat' dir='ltr'><strong>Si</strong></span> <span class='ocrx_word' id='word_1_171' title='bbox 1441 2157 1697 2220; x_wconf 82' lang='lat' dir='ltr'><strong>perficitiS,</strong></span> 
     </span>
     <span class='ocr_line' id='line_1_21' title="bbox 211 2260 1696 2324; baseline 0.001 -19"><span class='ocrx_word' id='word_1_172' title='bbox 211 2260 345 2322; x_wconf 89' lang='lat' dir='ltr'><strong>quod</strong></span> <span class='ocrx_word' id='word_1_173' title='bbox 368 2263 536 2323; x_wconf 84' lang='lat' dir='ltr'><strong>agitiS‚</strong></span> <span class='ocrx_word' id='word_1_174' title='bbox 556 2277 639 2307; x_wconf 90' lang='lat' dir='ltr'><strong>me</strong></span> <span class='ocrx_word' id='word_1_175' title='bbox 663 2261 726 2308; x_wconf 90' lang='lat' dir='ltr'><strong>ad</strong></span> <span class='ocrx_word' id='word_1_176' title='bbox 750 2278 834 2307; x_wconf 85' lang='lat' dir='ltr'><strong>vos</strong></span> <span class='ocrx_word' id='word_1_177' title='bbox 858 2266 1027 2308; x_wconf 87' lang='lat' dir='ltr'><strong>venire</strong></span> <span class='ocrx_word' id='word_1_178' title='bbox 1050 2268 1252 2324; x_wconf 89' lang='lat' dir='ltr'><strong>oportet</strong></span> <span class='ocrx_word' id='word_1_179' title='bbox 1277 2278 1288 2317; x_wconf 93' lang='grc'><strong>;</strong></span> <span class='ocrx_word' id='word_1_180' title='bbox 1327 2265 1402 2308; x_wconf 91' lang='lat' dir='ltr'><strong>sin</strong></span> <span class='ocrx_word' id='word_1_181' title='bbox 1425 2268 1663 2308; x_wconf 85' lang='lat' dir='ltr'><strong>autern—</strong></span> <span class='ocrx_word' id='word_1_182' title='bbox 1686 2277 1696 2307; x_wconf 72' lang='grc' dir='ltr'>ε</span> 
     </span>
     <span class='ocr_line' id='line_1_22' title="bbox 211 2363 1697 2429; baseline 0.001 -20"><span class='ocrx_word' id='word_1_183' title='bbox 211 2364 301 2410; x_wconf 89' lang='lat' dir='ltr'><strong>sed</strong></span> <span class='ocrx_word' id='word_1_184' title='bbox 335 2363 456 2410; x_wconf 91' lang='lat' dir='ltr'><strong>nihil</strong></span> <span class='ocrx_word' id='word_1_185' title='bbox 490 2382 615 2428; x_wconf 90' lang='lat' dir='ltr'><strong>opus</strong></span> <span class='ocrx_word' id='word_1_186' title='bbox 651 2373 727 2412; x_wconf 87' lang='lat' dir='ltr'><strong>est</strong></span> <span class='ocrx_word' id='word_1_187' title='bbox 763 2366 955 2429; x_wconf 84' lang='lat' dir='ltr'><strong>reliqua</strong></span> <span class='ocrx_word' id='word_1_188' title='bbox 989 2367 1222 2412; x_wconf 86' lang='lat' dir='ltr'><strong>scribere.</strong></span> <span class='ocrx_word' id='word_1_189' title='bbox 1291 2367 1367 2413; x_wconf 89' lang='lat' dir='ltr'><strong>Ex</strong></span> <span class='ocrx_word' id='word_1_190' title='bbox 1401 2369 1573 2428; x_wconf 88' lang='lat' dir='ltr'><strong>primis</strong></span> <span class='ocrx_word' id='word_1_191' title='bbox 1608 2372 1697 2411; x_wconf 88' lang='lat' dir='ltr'><strong>aut</strong></span> 
     </span>
     <span class='ocr_line' id='line_1_23' title="bbox 210 2470 1697 2534; baseline 0.002 -21"><span class='ocrx_word' id='word_1_192' title='bbox 210 2484 461 2515; x_wconf 90' lang='lat' dir='ltr'><strong>summum</strong></span> <span class='ocrx_word' id='word_1_193' title='bbox 486 2471 716 2516; x_wconf 87' lang='lat' dir='ltr'><strong>secundis</strong></span> <span class='ocrx_word' id='word_1_194' title='bbox 740 2470 922 2517; x_wconf 82' lang='lat' dir='ltr'><strong>litteris</strong></span> <span class='ocrx_word' id='word_1_195' title='bbox 946 2475 1046 2518; x_wconf 90' lang='lat' dir='ltr'><strong>tuis</strong></span> <span class='ocrx_word' id='word_1_196' title='bbox 1069 2475 1379 2518; x_wconf 81' lang='lat' dir='ltr'><strong>constituere</strong></span> <span class='ocrx_word' id='word_1_197' title='bbox 1402 2473 1697 2534; x_wconf 86' lang='lat' dir='ltr'><strong>poterimus,</strong></span> 
     </span>
    </p>
   </div>
   <div class='ocr_carea' id='block_1_3' title="bbox 223 2585 314 2631">
    <p class='ocr_par' dir='ltr' id='par_1_3' title="bbox 223 2585 314 2631">
     <span class='ocr_line' id='line_1_24' title="bbox 223 2585 314 2631; baseline 0 -6"><span class='ocrx_word' id='word_1_198' title='bbox 223 2585 314 2631; x_wconf 70' lang='lat'><strong>19⁶2</strong></span> 
     </span>
    </p>
   </div>
  </div>
 </body>
</html>
