1837 3029
880 149 1131 197 CICERO

259 277 514 343 Piliusque
551 279 717 327 oculos
757 279 1106 326 vehementius
1145 279 1405 326 hominum
1442 277 1751 335 offendisset,

258 368 434 407 natum
466 365 667 408 omnino
700 369 776 408 est
807 364 1105 424 principium
1136 378 1166 407 a
1195 378 1276 407 me
1302 378 1312 408 ε
1361 361 1424 408 de
1455 360 1750 424 proconsule

258 443 480 490 Antonio
523 444 718 498 multa;
779 443 969 490 Sestius
1012 460 1192 490 causae
1236 460 1336 490 non
1377 442 1576 490 defuit:
1636 449 1750 505 post

255 542 472 580 mecum,
505 533 695 588 quanto
728 543 875 572 suum
908 526 1080 581 filiurn,
1113 533 1304 589 quanto
1336 542 1507 572 meum
1538 528 1590 571 in
1621 527 1749 588 peri-

255 607 366 653 culo
404 607 632 654 futurum
670 608 897 663 duceret,
935 611 975 654 si
1013 616 1188 655 contra
1224 607 1573 671 proconsulem
1610 623 1750 653 arma

255 689 487 736 tulissent
510 706 520 745 ;
557 693 688 737 nosti
714 690 1000 737 hominem:
1038 707 1218 737 causae
1245 698 1418 737 tamen
1443 706 1543 736 non
1569 687 1748 736 defuit.

257 771 509 818 Dixerunt
540 776 695 819 etiam
724 773 805 819 alii
830 788 840 828 3
888 773 1060 819 Labeo
1087 790 1204 819 vcro
1233 780 1404 819 noster
1431 788 1523 819 nec
1550 774 1749 835 signum

253 860 399 900 tuum
420 858 470 900 in
493 855 708 917 epistula
728 872 820 902 nec
842 855 976 901 diem
999 859 1286 918 appositum
1308 871 1400 901 nec
1420 861 1474 901 te
1495 856 1746 917 scripsisse

253 937 317 983 ad
337 944 468 992 tuos,
490 945 544 983 ut
567 937 750 984 soleres
775 955 785 984 ε
823 937 916 984 hoc
937 954 1117 1001 cogere
1139 937 1358 992 volebat,
1378 936 1527 983 falsas
1552 936 1748 983 litteras

203 1025 229 1062 5
255 1035 362 1065 csse
399 1026 468 1073 et,
503 1022 543 1065 si
578 1023 793 1082 quaeris,
828 1021 1092 1082 probabat.
1164 1020 1308 1066 Nunc
1342 1027 1489 1066 tuum
1523 1025 1601 1066 est
1634 1034 1748 1065 con·

254 1100 434 1156 silium,
457 1101 629 1157 Brute,
651 1102 714 1148 de
736 1109 846 1148 toto
867 1118 1055 1165 genere
1077 1101 1209 1148 belli.
1280 1101 1440 1148 Video
1460 1108 1514 1148 te
1534 1101 1747 1147 lenitate

251 1182 491 1229 delectari
535 1191 589 1230 et
632 1200 747 1230 eum
795 1191 976 1246 putare
1025 1183 1245 1230 fructum
1295 1201 1403 1231 esse
1451 1186 1747 1238 maximum,

251 1265 505 1326 praeclare
547 1266 770 1328 quidem,
809 1266 899 1313 sed
937 1265 1043 1312 aliis
1082 1267 1250 1321 rebus,
1290 1265 1395 1312 aliis
1434 1266 1746 1328 temporibus

251 1346 385 1394 locus
430 1364 538 1394 esse
581 1348 711 1395 solet
752 1347 1012 1411 debetque
1054 1347 1392 1394 clementiae:
1452 1364 1583 1394 nunc
1627 1346 1747 1410 quid

251 1432 435 1493 agitur,
477 1430 676 1477 Brute?
742 1429 964 1492 Templis
1006 1429 1217 1477 deorum
1257 1429 1617 1477 immortalium
1657 1431 1747 1475 im-

250 1514 411 1558 minet
450 1512 711 1558 hominum
752 1515 1014 1575 egentium
1056 1519 1109 1559 et
1147 1512 1461 1574 perditorum
1500 1528 1613 1574 spes
1654 1527 1746 1557 nec

252 1593 528 1657 quidquam
548 1594 684 1641 aliud
703 1594 992 1641 decernitur
1010 1594 1103 1641 hoc
1122 1595 1271 1650 bello,
1292 1597 1383 1641 nisi
1403 1601 1574 1641 utrum
1593 1596 1745 1640 simus

249 1693 422 1722 necne.
494 1677 585 1723 Cui
621 1680 869 1740 parcimus
906 1684 995 1723 aut
1032 1677 1153 1740 quid
1189 1677 1426 1740 agimus?
1495 1676 1586 1722 His
1623 1692 1743 1739 ergo

249 1758 568 1813 consulimus,
626 1761 806 1821 quibus
864 1760 1133 1806 victoribus
1191 1761 1461 1823 vestigium
1516 1765 1744 1805 nostrum

249 1840 439 1886 nullum
465 1840 779 1904 relinquetur
803 1841 821 1887 ?
891 1841 1020 1887 Nam
1047 1841 1168 1903 quid
1194 1844 1408 1887 interest
1433 1843 1566 1887 inter
1593 1839 1745 1887 Dola-

248 1921 432 1968 bellam
466 1929 519 1969 et
553 1926 778 1985 quemvis
812 1924 1149 1969 Antoniorum
1181 1923 1377 1969 trium?
1446 1922 1673 1981 Quorum
1704 1923 1745 1968 si

247 2007 324 2050 cui
352 2008 618 2066 parcimus,
645 2005 755 2051 duri
781 2003 965 2051 fuimus
993 2008 1043 2051 in
1070 2005 1351 2052 Dolabella.
1422 2004 1564 2051 Haec
1590 2010 1647 2051 ut
1672 2006 1745 2050 ita.

248 2090 461 2133 sentiret
495 2094 700 2133 senatus
735 2087 1052 2150 populusque
1087 2087 1360 2143 Romanus,
1395 2089 1491 2133 etsi
1523 2103 1602 2133 res
1636 2089 1744 2148 ipsa

247 2170 481 2231 cogebat,
528 2176 704 2215 tamen
751 2172 972 2215 maxima
1019 2185 1082 2215 ex
1129 2176 1276 2231 parte
1322 2176 1494 2216 nostro
1539 2168 1743 2216 consilio

309 2347 327 2366 ‘¹
358 2341 406 2383 P.
447 2342 628 2387 Sestius,
668 2357 694 2383 a
733 2343 894 2383 former
933 2347 1167 2395 supporter
1205 2344 1256 2384 of
1290 2342 1444 2384 Cicero
1482 2343 1628 2384 whom
1666 2342 1740 2384 the

251 2401 396 2437 orator
417 2395 632 2436 defended
658 2399 698 2436 in
722 2398 795 2437 the
817 2399 974 2448 speech
997 2398 1085 2438 Pro
1109 2398 1260 2438 Sessio.

314 2451 328 2475 ὓ
362 2452 577 2490 Pac-uvius
601 2453 817 2490 Antistius
844 2452 1006 2498 Labeo,
1029 2466 1112 2491 one
1133 2453 1184 2492 of
1199 2453 1273 2491 the
1293 2451 1607 2502 tyrannicideS.

318 2511 332 2530 ⁶
362 2506 453 2545 'she
474 2506 593 2546 three
615 2505 813 2546 brothers
838 2507 1030 2553 Marcus,
1052 2508 1190 2547 Gaius
1210 2506 1296 2546 and
1323 2507 1483 2546 Lucius
1504 2507 1740 2548 Antonius,

248 2576 341 2618 642
