1837 3029
872 167 1124 216 CICERO

252 297 291 342 si
327 298 397 342 ita
432 303 527 351 est,
561 299 822 359 utriusque
857 299 928 343 rei
962 313 1132 343 meum
1167 297 1404 344 iudicium
1438 298 1620 346 studeo
1653 300 1744 347 tibi

253 404 361 434 esse
406 391 740 444 notissimum,
785 404 950 451 neque
995 388 1173 444 solum,
1218 395 1276 435 ut
1319 388 1509 436 Solonis
1554 390 1745 437 dictum

253 495 508 542 usurpem,
550 483 635 542 qui
684 487 738 526 et
784 483 983 542 sapiens
1033 497 1160 527 unus
1209 479 1306 527 fuit
1347 497 1411 528 ex
1451 488 1652 544 septem
1693 489 1747 530 et

251 571 422 635 legum
461 574 672 634 scriptor
708 571 839 619 solus
879 588 942 618 ex
980 579 1215 634 septem:
1271 575 1310 619 is
1347 589 1456 619 rem
1492 573 1744 636 publicam

251 666 496 710 contineri
523 663 716 710 duabus
744 664 892 710 rebus
920 663 1064 720 dixit,
1085 668 1309 727 praemio
1335 671 1389 711 et
1413 681 1592 728 poena.
1653 665 1747 713 Est

251 755 440 802 scilicet
472 758 732 818 utriusque
766 756 961 811 modus,
993 759 1122 803 sicut
1152 756 1476 820 reliquarum,
1509 764 1562 804 et
1593 773 1746 820 quae-

201 853 227 892 4
251 847 368 894 dam
396 850 447 893 in
476 854 691 910 utroque
720 864 908 911 genere
938 848 1273 895 mediocritas.
1343 847 1444 896 Sed
1471 865 1572 896 non
1599 856 1745 896 tanta

251 939 315 986 de
345 956 398 986 re
427 943 741 1003 propositum
773 947 850 986 est
880 939 973 986 hoc
1002 939 1109 987 loco
1140 941 1413 1002 disputare.
1484 940 1619 999 Quid
1650 958 1745 1006 ego

251 1038 425 1078 autem
460 1039 663 1078 secutus
699 1031 792 1078 hoc
828 1032 959 1079 bello
990 1035 1083 1079 sim
1119 1035 1169 1078 in
1205 1036 1470 1079 sententiis
1503 1032 1744 1089 dicendis,

250 1127 444 1186 aperire
476 1140 576 1170 non
608 1123 828 1170 alienum
860 1131 999 1186 puto.
1071 1123 1191 1171 Post
1223 1127 1485 1171 interitum
1518 1124 1743 1171 Caesaris

250 1222 304 1263 et
333 1222 523 1263 vestras
554 1216 904 1263 memorabiles
937 1216 1055 1263 Idus
1090 1216 1264 1272 Mart.‚
1294 1215 1467 1273 Brute,
1498 1216 1619 1280 quid
1649 1233 1743 1281 ego

248 1310 661 1370 praetermissum
701 1325 731 1355 a
771 1309 908 1355 vobis
950 1315 1297 1371 quantamque
1336 1308 1632 1371 impendere
1671 1311 1743 1356 rei

248 1400 478 1463 publicae
509 1407 875 1463 tempestatem
905 1400 1135 1457 dixerim,
1161 1417 1261 1447 non
1292 1416 1345 1448 es
1376 1400 1591 1448 oblitus:
1639 1417 1743 1447 ma-

248 1509 349 1555 gna
369 1495 524 1555 pestis
547 1499 657 1540 erat
677 1493 887 1556 depulsa
907 1510 997 1555 per
1013 1510 1116 1549 vos,
1136 1510 1322 1557 magna
1337 1492 1508 1556 populi
1529 1492 1742 1540 Romani

247 1585 444 1631 macula
483 1585 672 1641 deleta,
712 1586 850 1632 vobis
891 1601 1008 1632 vero
1047 1592 1194 1647 parta
1233 1586 1401 1632 divina
1439 1585 1614 1649 gloria,
1653 1584 1743 1632 sed

247 1679 641 1724 instrumentum
671 1680 814 1741 regni
844 1677 1072 1724 delatum
1107 1677 1172 1724 ad
1208 1676 1458 1740 Lepidum
1493 1684 1547 1724 et
1583 1677 1744 1724 Anto-

247 1772 403 1825 nium,
421 1786 633 1832 quorum
651 1770 779 1817 alter
795 1773 1175 1824 inconstantior,
1189 1769 1317 1816 alter
1332 1772 1589 1832 impurior,
1607 1776 1742 1816 uter-

247 1877 345 1924 que
378 1877 557 1924 pacem
589 1868 843 1917 metuens,
870 1864 1097 1908 inimicus
1131 1865 1249 1908 otio.
1323 1860 1416 1908 His
1447 1860 1741 1909 ardentibus

247 1954 624 2016 perturbandae
666 1957 738 2000 rei
781 1954 1013 2017 publicae
1052 1953 1333 2016 cupiditate
1377 1952 1513 2016 quod
1556 1954 1741 2016 opponi

245 2054 416 2109 posset
453 2047 776 2109 praesidium,
814 2063 915 2093 non
951 2045 1567 2093 habebamus—erexerat
1606 2048 1740 2092 enim

244 2154 297 2186 se
322 2142 496 2185 civitas
521 2142 572 2185 in
596 2138 864 2185 retinenda
888 2138 1126 2185 libertate
1151 2140 1488 2193 consentiens,
1514 2153 1602 2183 nos
1628 2143 1738 2183 tum

245 2234 389 2278 nimis
425 2247 581 2287 acres,
616 2248 700 2278 vos
736 2230 949 2278 fortasse
982 2233 1260 2294 sapientius
1296 2232 1578 2277 excessistis
1614 2229 1737 2276 urbe

245 2340 322 2379 ea,
357 2340 509 2386 quam
541 2323 839 2379 liber-aratis,
878 2323 1056 2370 Italiae
1090 2339 1181 2370 sua
1216 2323 1353 2369 vobis
1387 2321 1555 2369 studia
1591 2320 1738 2384 profi-

195 2423 220 2461 5
244 2419 374 2462 tenti
396 2419 669 2462 remisistis.
732 2415 930 2478 Itaque,
957 2432 1070 2461 eum
1098 2418 1261 2461 teneri
1287 2415 1464 2461 urbem
1490 2430 1519 2460 a
1538 2415 1737 2476 parrici-

243 2508 317 2555 dis
346 2508 566 2555 viderem
588 2525 679 2555 nec
706 2515 758 2554 te
784 2511 834 2553 in
861 2524 921 2554 ea
947 2525 1038 2554 nec
1065 2508 1291 2554 Cassium
1318 2513 1430 2554 tuto
1457 2522 1564 2553 esse
1590 2521 1737 2568 posse

241 2612 335 2656 706
