1868 3040
891 194 1144 244 CICERO

273 333 328 373 et
376 326 511 389 quod
562 325 695 389 Lyso
744 325 912 371 fuerat
960 329 1010 370 in
1060 332 1230 372 nostra
1279 343 1430 372 causa
1477 330 1758 390 nostrisque

273 414 549 476 praesidiis,
598 413 824 475 quotidie
873 412 1061 476 aliquid
1109 413 1428 460 timebamus.
1510 413 1759 462 Effectum

273 508 447 548 tamen
467 508 545 547 est
565 507 617 547 et
635 503 788 562 ipsius
807 499 1073 562 splendore
1095 507 1147 547 et
1166 508 1336 547 nostro
1353 501 1761 565 reliquorumque

273 588 526 651 hospitum
552 588 738 643 studio,
763 594 820 634 ut
844 591 1029 643 omnia,
1054 605 1185 650 quae
1210 588 1469 645 vellemus,
1493 605 1524 636 a
1546 589 1761 637 Caesare

273 680 701 739 impetrarentur3
750 675 885 737 quod
918 675 1183 739 intelleges
1221 693 1282 722 ex
1319 679 1375 723 iis
1410 675 1610 733 litteris,
1638 694 1761 741 quas

225 772 250 810 2
275 765 459 810 Caesar
479 764 542 810 ad
568 770 620 810 te
648 763 805 809 dedit.
869 762 1013 809 Nunc
1039 780 1138 809 non
1165 764 1314 810 modo
1334 781 1434 811 non
1459 768 1762 812 remittimus

274 853 365 899 tibi
401 851 589 913 aliquid
624 868 686 897 ex
721 858 892 897 nostra
924 851 1382 907 commendatione,
1415 856 1556 914 quasi
1589 853 1762 916 adepti

274 943 373 985 iam
410 942 595 994 onmia,
631 939 721 985 sed
759 955 818 984 eo
856 937 1205 985 vehementius
1243 956 1272 985 a
1307 946 1360 986 te
1396 940 1764 998 contendimus,

275 1035 333 1074 ut
372 1027 625 1090 Lysonem
664 1030 713 1072 in
755 1026 905 1072 fidem
945 1027 1472 1090 necessitudinemque
1510 1035 1652 1075 tuam
1688 1046 1763 1076 re-

275 1118 445 1177 cipias,
468 1118 606 1160 euius
631 1114 783 1160 dubia
806 1113 1009 1160 fortuna
1032 1115 1254 1160 timidius
1278 1122 1448 1161 tecum
1472 1116 1764 1179 agebamus,

276 1209 527 1258 verentes,
547 1218 610 1248 ne
631 1202 751 1264 quid
772 1202 1023 1248 accideret
1043 1202 1305 1258 eiusmodi,
1325 1210 1382 1249 ut
1400 1219 1464 1250 ne
1483 1209 1541 1250 tu
1560 1205 1764 1267 quidem

275 1291 467 1337 mederi
512 1305 717 1352 posses3
782 1289 1045 1351 explorata
1089 1306 1206 1336 vero
1252 1293 1357 1336 eius
1401 1291 1766 1348 incolumitate,

276 1382 443 1426 omnia
463 1395 491 1424 a
509 1385 561 1424 te
580 1394 775 1423 summo
794 1378 961 1423 studio
979 1394 1278 1440 summaque
1296 1395 1415 1425 cura
1431 1386 1568 1441 peto.
1621 1380 1766 1438 Quae

277 1483 341 1513 ne
361 1466 556 1530 singula
579 1481 890 1520 enumerem,
911 1471 1073 1511 totam
1094 1466 1187 1512 tibi
1207 1466 1413 1512 domum
1434 1468 1732 1515 commendo
1754 1483 1766 1524 3

277 1558 328 1601 in
365 1553 439 1600 his
478 1553 857 1600 adulescentem
896 1553 1050 1599 filium
1089 1556 1213 1609 eius,
1246 1570 1398 1617 quem
1437 1553 1490 1601 C.
1532 1555 1767 1604 Maenius

279 1641 555 1697 Gemellus,
586 1641 739 1688 cliens
772 1657 933 1697 meus,
965 1658 1080 1687 cum
1111 1644 1163 1687 in
1195 1641 1486 1689 calamitate
1519 1642 1661 1690 exsili
1691 1647 1766 1691 sui

279 1730 534 1777 Patrensis
555 1732 673 1776 civis
695 1728 859 1775 factus
883 1736 1034 1784 esset,
1057 1728 1377 1775 Patrensium
1398 1729 1593 1793 legibus
1615 1732 1768 1795 adop-

279 1821 408 1865 tavit
431 1832 442 1873 3
478 1824 535 1863 ut
552 1820 657 1863 eius
674 1819 826 1879 ipsius
844 1815 1142 1863 hereditatis
1159 1820 1234 1863 ius
1251 1834 1556 1881 causamque
1573 1825 1766 1867 tueare.

233 1913 257 1952 3
281 1906 448 1968 Caput
498 1904 621 1951 illud
674 1911 769 1959 est,
822 1911 880 1951 ut
932 1903 1205 1967 Lysonem,
1257 1922 1409 1968 quem
1463 1922 1558 1969 ego
1609 1910 1767 1954 virum

281 1997 528 2056 optimum
555 1995 1001 2056 gratissimumque
1029 1995 1257 2055 cognovi,
1284 1996 1493 2056 recipias
1520 1997 1572 2040 in
1598 2011 1769 2043 neces-

281 2081 553 2128 situdinem
574 2087 731 2126 tuam.
797 2080 947 2138 Quod
972 2083 1010 2125 si
1036 2078 1232 2136 feceris,
1257 2097 1356 2126 non
1382 2081 1560 2128 dubito
1580 2085 1699 2145 quin
1717 2086 1768 2129 in

283 2187 343 2217 eo
372 2168 627 2232 diligendo
660 2171 944 2230 ceterisque
976 2174 1157 2230 postea
1188 2169 1590 2216 commendando
1616 2170 1769 2227 idem,

283 2257 419 2321 quod
454 2273 566 2320 ego,
600 2258 664 2302 sis
698 2256 848 2302 iudici
884 2262 938 2302 et
971 2255 1243 2302 voluntatis
1277 2255 1556 2304 habiturus.
1621 2257 1770 2316 Quod

285 2361 398 2391 cum
428 2344 535 2391 fieri
553 2341 886 2390 vehementer
905 2343 1104 2396 studeo,
1124 2350 1234 2389 tum
1260 2347 1414 2389 etiam
1439 2343 1562 2391 illud
1580 2361 1770 2403 vereor,

286 2449 368 2488 ne,
402 2435 441 2477 si
475 2435 638 2477 minus
673 2430 928 2476 cumulate
964 2431 1201 2477 videbere
1234 2429 1412 2478 fecisse
1446 2431 1635 2494 aliquid
1665 2437 1771 2480 eius

285 2536 453 2575 causa,
490 2536 570 2564 me
608 2518 689 2564 ille
727 2517 1061 2582 neglegenter
1095 2522 1347 2581 scripsisse
1381 2526 1550 2582 putet,
1585 2536 1685 2567 non
1716 2528 1771 2568 te

295 2616 358 2664 66
