1868 3040
931 176 1183 225 CICERO

919 306 1194 352 XXXVIII

642 447 698 481 Μ.
732 449 779 481 Τ.
816 450 856 480 C.
893 449 930 480 s.
969 449 1011 480 Ρ.
1051 450 1096 480 1).
1134 450 1293 480 ACILIO
1329 449 1470 483 PRoc.

793 561 961 601 Romae
982 562 1050 613 (Ρ),
1075 575 1206 602 A.1J.C.
1229 563 1326 602 709.

375 674 431 723 L.
469 675 713 731 Bruttius,
748 692 903 738 eques
941 676 1213 731 Romanus,
1246 675 1538 722 adulescens
1571 674 1801 722 omnibus

308 743 458 789 rebus
504 750 727 798 ornatus,
775 747 823 788 in
872 747 996 789 meis
1043 742 1435 789 familiarissimis
1488 750 1566 789 est
1616 759 1801 804 meque

310 811 545 856 observat
570 810 971 873 diligentissime,
996 814 1134 856 cuius
1160 828 1272 856 cum
1299 818 1444 872 patre
1471 826 1656 871 magna
1681 808 1800 855 mihi

310 875 407 922 fuit
448 881 667 922 amicitia
707 881 805 922 iam
847 877 963 923 inde
1006 894 1035 923 a
1075 885 1349 939 quaestura
1388 893 1503 922 mea
1543 876 1798 922 Siciliensi.

312 943 531 989 Omnino
560 961 691 989 nunc
719 948 824 1006 ipse
854 944 1080 990 Bruttius
1111 944 1299 990 Romae
1327 960 1526 990 mecum
1556 950 1668 998 est3
1712 943 1802 990 sed

311 1018 485 1056 tamen
506 1011 710 1057 domum
734 1015 838 1057 eius
861 1018 914 1058 et
933 1028 1041 1057 rem
1062 1010 1360 1057 familiarem
1382 1018 1435 1057 et
1454 1017 1801 1072 procuratores

311 1078 403 1123 tibi
445 1081 513 1123 sic
554 1079 870 1133 commendo,
912 1085 971 1125 ut
1009 1082 1198 1124 maiore
1239 1078 1407 1124 studio
1447 1077 1801 1123 commendare

311 1161 410 1190 non
438 1148 636 1206 possim.
700 1145 1052 1191 Gratissimum
1079 1145 1199 1191 mihi
1227 1144 1422 1200 feceris,
1449 1148 1486 1190 si
1515 1148 1718 1199 curaris,
1745 1151 1802 1190 ut

310 1211 577 1274 intellegat
611 1211 954 1259 Bruttius—»id
989 1213 1123 1275 quod
1160 1216 1204 1258 ei
1238 1211 1601 1274 recepi—hanc
1634 1227 1800 1257 meam

309 1279 801 1325 commendationem
827 1281 919 1326 sibi
944 1297 1128 1342 magno
1154 1280 1448 1326 adiumento
1472 1277 1641 1325 fuisse.

946 1520 1170 1567 XXXIX

642 1662 698 1698 Μ.
734 1664 780 1697 Τ.
817 1666 856 1697 C.
895 1665 933 1698 S.
971 1666 1014 1697 P.
1053 1666 1098 1697 D.
1136 1665 1296 1696 ACILIO
1332 1664 1472 1697 PROC.

795 1777 964 1817 Romae
985 1778 1054 1829 (ἓ),
1078 1791 1209 1818 Α.υ.ς.
1233 1779 1330 1818 709.

377 1891 504 1939 Cum
539 1891 728 1938 familia
762 1893 991 1938 Titurnia
1026 1892 1345 1938 necessitudo
1380 1891 1500 1938 mihi
1535 1891 1806 1938 intercedit

314 1967 476 2015 vetus,
511 1976 572 2006 ex
609 1977 707 2022 qua
741 1960 961 2022 reliquus
996 1967 1074 2006 est
1111 1959 1182 2005 M.
1218 1959 1474 2005 Titurnius
1509 1957 1686 2014 Rufus,
1720 1962 1805 2020 qui

314 2026 434 2072 mihi
467 2030 601 2073 omni
633 2027 897 2089 diligentia
928 2034 1083 2089 atque
1115 2026 1273 2073 officio
1306 2034 1383 2072 est
1414 2026 1649 2073 tuenduS.
1713 2023 1806 2072 Est

317 2097 471 2156 igitur
491 2098 540 2140 in
564 2101 653 2140 tua
674 2101 950 2156 potestate,
974 2102 1030 2140 ut
1051 2093 1132 2139 ille
1155 2097 1205 2139 in
1226 2109 1308 2139 me
1331 2097 1451 2140 satis
1473 2094 1566 2139 sibi
1589 2093 1804 2155 praesidi

317 2168 466 2222 putet
516 2177 641 2207 esse.
727 2160 1052 2223 Quapropter
1102 2177 1216 2207 eum
1268 2161 1358 2207 tibi
1409 2160 1708 2206 commendo
1756 2163 1805 2205 in

316 2232 556 2274 maiorem
586 2228 811 2284 modum,
841 2235 893 2274 et
924 2229 1011 2274 abs
1041 2235 1094 2274 te
1124 2235 1263 2289 peto,
1292 2227 1492 2282 efficias,
1522 2235 1578 2273 ut
1606 2230 1646 2272 is
1675 2243 1806 2272 com-

316 2295 693 2341 mendationem
724 2294 852 2340 hanc
881 2295 1148 2356 intellegat
1176 2295 1267 2340 sibi
1298 2311 1482 2357 magno
1513 2294 1806 2340 adiumento

316 2361 482 2408 fuisse.
553 2362 663 2407 Erit
689 2363 737 2407 id
764 2361 882 2407 mihi
910 2356 1240 2408 veliementer
1263 2369 1481 2424 gratum.

745 2525 763 2545 ⁰
795 2520 877 2560 See
900 2525 999 2560 note
1021 2535 1046 2560 α
1069 2534 1124 2559 on
1147 2524 1201 2559 34
1224 2520 1376 2560 above.

329 2591 418 2631 108
