1837 3029
848 161 1099 209 CICERO

232 296 516 356 scripserat.
571 292 680 354 Ego
703 308 817 337 vero
838 290 996 336 nullas
1017 288 1229 348 δευτέρας
1255 287 1505 348 φροντίδας
1531 288 1719 335 habere

233 385 436 432 possum
461 371 511 413 in
538 368 765 413 Caesaris
790 367 955 411 robus.
1026 364 1115 410 Ille
1142 363 1262 409 mihi
1287 364 1563 411 secundum
1590 371 1643 411 te
1666 371 1721 411 et

232 443 415 489 liberos
447 448 642 487 nostros
676 444 744 485 isa
778 447 874 493 cst,
907 446 963 485 ut
993 442 1058 485 sit
1089 453 1252 500 paene
1283 454 1389 500 par.
1456 437 1643 484 Videor
1670 439 1722 486 id

232 518 416 564 iudicio
447 515 631 561 facere.
703 515 809 560 Iam
844 517 978 560 enim
1011 513 1193 568 debeo,
1224 512 1314 559 sed
1346 518 1520 558 tamen
1552 529 1722 560 amore

233 608 342 638 sum
370 593 618 635 incensus.

160 674 210 712 19
298 664 384 710 VI.
423 664 547 709 Cum
581 664 888 724 scripsissem
919 659 1046 707 haec
1076 660 1266 716 infima,
1298 676 1429 723 quae
1460 666 1580 707 sunt
1610 677 1725 708 mea

235 756 406 793 manu,
431 740 568 783 venit
593 737 657 783 ad
681 753 770 782 nos
795 735 969 782 Cicero
993 742 1111 782 tuus
1135 735 1200 781 ad
1222 751 1418 790 cenam,
1441 751 1554 781 cum
1579 734 1724 782 Pom-

235 817 385 877 ponia
405 811 522 859 foris
542 818 765 858 cenaret.
835 811 995 857 Dedit
1019 809 1141 856 mihi
1167 809 1437 871 epistulam
1454 809 1724 873 legendam

235 898 396 944 tuam,
441 904 594 950 quam
640 886 809 949 paullo
856 892 976 932 ante
1023 892 1308 947 acceperat,
1353 884 1726 947 Aristophaneo

235 963 385 1011 modo
419 962 564 1009 valde
597 960 887 1008 mehercule
922 967 976 1006 et
1008 975 1215 1006 suavem
1249 965 1303 1006 et
1334 975 1576 1022 gravem3
1625 976 1727 1024 qua

235 1055 345 1084 sum
398 1035 671 1083 admodum
725 1034 1024 1081 delectatus.
1096 1033 1256 1080 Dedit
1307 1036 1462 1079 etiam
1513 1032 1726 1080 alteram

235 1112 370 1159 illam
405 1110 545 1166 mihi,
580 1127 679 1173 qua
713 1111 856 1155 iubes
893 1125 1008 1155 eum
1043 1108 1164 1154 mihi
1200 1124 1309 1154 esse
1344 1108 1566 1164 affixum,
1598 1115 1728 1155 tam-

236 1204 388 1250 quam
413 1188 672 1248 magistro.
742 1184 906 1242 Quam
931 1183 1070 1229 illum
1097 1182 1345 1244 epistulae
1368 1182 1483 1229 illae
1507 1183 1728 1231 delecta-

236 1269 356 1309 runt
379 1261 388 1308 Ξ
428 1276 581 1323 quam
602 1275 683 1305 me
708 1259 717 1304 l
758 1257 893 1304 Nihil
913 1274 1070 1320 puero
1089 1257 1171 1303 illo
1192 1260 1410 1313 suavius,
1430 1256 1552 1304 nihil
1571 1262 1727 1306 nostri

237 1338 506 1383 amantius.
575 1333 686 1380 Hoc
704 1336 838 1380 inter
856 1349 1033 1380 cenam
1053 1333 1222 1379 Tironi
1241 1332 1445 1388 dictavi,
1463 1349 1527 1379 ne
1545 1336 1728 1382 mirere

161 1421 214 1458 ’.Ὃ
239 1410 335 1457 alia
387 1425 540 1455 manu
595 1423 721 1454 esse.
789 1405 976 1453 Annali
1026 1405 1231 1452 litterae
1283 1413 1406 1453 tuae
1456 1415 1728 1471 pergratae

236 1484 463 1538 fuerunt,
493 1482 629 1545 quod
659 1488 714 1528 et
742 1497 943 1528 curares
973 1480 1037 1528 de
1068 1497 1121 1527 se
1152 1480 1442 1544 diligenter,
1472 1488 1526 1528 et
1553 1489 1728 1530 tamen

236 1558 439 1606 consilio
464 1573 518 1604 se
556 1559 812 1603 verissimo
846 1558 1060 1602 iuvares.
1129 1555 1184 1601 P.
1210 1554 1446 1602 Servilius
1481 1563 1630 1618 pater
1664 1574 1728 1606 ex

236 1635 438 1689 litteris,
466 1649 590 1695 quas
618 1632 711 1678 sibi
740 1648 770 1677 a
797 1630 1014 1677 Caesare
1041 1633 1217 1677 missas
1246 1646 1356 1677 esse
1383 1631 1605 1687 dicebat,
1631 1635 1729 1697 sig-

237 1709 409 1756 nificat
450 1707 596 1754 valde
638 1713 692 1753 te
734 1707 826 1752 sibi
869 1713 1072 1769 gratum
1115 1704 1312 1761 fecisse,
1353 1706 1490 1768 quod
1531 1707 1595 1754 de
1637 1725 1728 1755 sua

237 1783 499 1829 voluntate
519 1797 641 1844 erga
658 1780 927 1826 Caesarem
945 1779 1305 1826 humanissime
1323 1779 1728 1843 diligentissime-

159 1867 207 1906 21
237 1873 335 1921 que
369 1856 565 1903 locutus
597 1871 746 1901 esses.
816 1854 943 1900 Cum
975 1854 1186 1900 Romam
1213 1870 1274 1900 ex
1300 1855 1532 1916 Arpinati
1562 1872 1727 1903 rever-

236 1935 428 1986 tissem,
443 1930 635 1976 dictum
652 1927 773 1974 mihi
792 1935 887 1984 est,
901 1928 1281 1990 Hippodamum
1296 1928 1360 1974 ad
1375 1935 1428 1974 te
1442 1927 1726 1990 profectum

237 2022 363 2053 esse.
432 2004 545 2051 Non
570 2020 773 2066 possum
800 2004 1036 2058 scribere,
1061 2020 1143 2048 me
1169 2005 1408 2048 miratum
1435 2019 1563 2060 esse,
1587 2004 1725 2052 illum

237 2088 343 2127 tam
375 2077 719 2124 inhumaniter
749 2076 947 2133 fecisse,
978 2083 1036 2123 ut
1067 2079 1174 2123 sine
1206 2079 1331 2123 meis
1362 2076 1545 2124 litteris
1577 2080 1641 2126 ad
1673 2087 1726 2127 te

300 2230 317 2247 ⁰
353 2225 391 2264 lt
414 2225 447 2263 is
469 2222 673 2262 doubtful
697 2222 887 2262 whether
909 2222 962 2263 he
985 2236 1136 2262 means
1158 2222 1230 2261 the
1250 2226 1375 2274 great
1395 2224 1536 2262 coniic
1556 2229 1658 2275 poet
1677 2239 1725 2266 or

245 2278 561 2329 Aristophanes
582 2276 630 2316 of
649 2276 929 2327 Byzantium,
950 2275 1024 2316 the
1043 2277 1189 2322 critic;
1219 2288 1394 2316 suavem
1414 2275 1558 2317 would
1580 2279 1725 2322 rather

243 2332 432 2373 indicate
453 2331 526 2370 the
545 2330 720 2370 former.

303 2386 320 2410 ⁰
352 2385 403 2426 L.
424 2383 582 2424 Villius
603 2383 804 2430 Annalis,
823 2396 851 2422 a
870 2387 1058 2423 senator.
1124 2382 1193 2433 Csf.
1218 2382 1340 2422 Fam.
1361 2383 1449 2423 viii.
1471 2386 1510 2424 8.
1531 2387 1571 2424 3.

304 2444 320 2463 ⁶
353 2439 399 2480 P.
427 2437 635 2480 Servilius
662 2438 893 2483 Isauricus,
919 2437 1062 2476 father
1087 2436 1135 2475 of
1156 2436 1345 2477 Cicero’s
1368 2438 1722 2491 correspondent,

243 2494 317 2534 the
335 2491 567 2545 proconsul
587 2491 636 2531 of
652 2491 758 2531 Asia
777 2491 920 2542 (Fam.
941 2493 1027 2531 xiii.
1049 2494 1116 2538 68,
1137 2490 1224 2530 and
1245 2492 1406 2542 σθ’-72).

243 2555 338 2605 566
