1868 3040
210 701 228 740 1
256 704 258 706 ,

202 1505 225 1542 tc

875 191 1126 239 CICERO

964 319 1034 366 IV

256 465 311 497 M.
341 466 386 497 T.
422 466 462 497 C.
498 466 534 496 S.
571 466 617 496 D.
646 466 689 502 Q.
717 465 926 495 VALERIO
961 465 1003 500 Q.
1036 464 1079 494 F.
1116 463 1289 500 ORCAE,
1323 462 1429 494 LEO.
1464 461 1737 494 PROPRAET.

774 576 956 622 Romae,
980 589 1109 615 A.u.c.
1133 577 1228 614 709.

319 693 444 739 Cum
473 691 806 752 municipibus
836 690 1172 736 Volaterranis
1201 688 1320 734 mihi
1348 705 1544 734 summa
1562 704 1739 735 >neces·

255 761 421 806 situdo
442 767 534 805 est.
606 758 797 820 Magno
818 761 949 803 enim
971 773 1085 802 meo
1103 757 1348 801 beneficio
1368 756 1551 810 affecti,
1569 773 1734 802 cumu-

254 827 494 873 latissime
542 825 663 870 mihi
711 828 925 886 gratiam
976 823 1317 877 rettulerunt;
1384 839 1500 868 nani
1550 839 1641 868 nec
1687 826 1736 868 in

255 893 523 940 honoribus
552 896 675 937 meis
704 908 796 936 nec
823 895 874 936 in
902 891 1153 936 laboribus
1182 906 1422 951 umquam
1450 888 1735 936 defuerunt.

255 961 381 1007 Cum
409 961 589 1022 quibus
616 963 655 1004 si
682 957 801 1003 mihi
830 958 965 1003 nulla
990 973 1140 1002 causa
1165 956 1523 1011 intercederet,
1548 963 1738 1011 tamen,

253 1027 389 1090 quod
429 1035 481 1073 te
524 1025 964 1072 vehementissime
1005 1024 1175 1086 diligo,
1216 1024 1452 1085 quodque
1493 1039 1574 1068 me
1617 1040 1646 1069 a
1684 1031 1737 1070 te

254 1095 451 1156 plurimi
487 1093 593 1139 fieri
628 1096 808 1146 sentio,
845 1099 897 1137 et
932 1107 1190 1136 monerem
1225 1098 1278 1136 te
1315 1098 1368 1136 et
1403 1090 1647 1144 hortarer,
1681 1097 1736 1137 ut

254 1178 426 1207 eorum
474 1159 686 1206 fortunis
733 1158 1034 1212 consuleres,
1082 1161 1380 1219 praesertim
1427 1173 1541 1202 cum
1582 1173 1736 1218 prope

252 1232 573 1290 praecipuam
615 1242 816 1272 causam
859 1225 1108 1271 haberent
1148 1224 1212 1269 ad
1254 1227 1328 1269 ius
1370 1224 1737 1273 obtinendum:

251 1299 485 1357 primum,
513 1294 647 1356 quod
673 1292 859 1338 Sullani
886 1294 1127 1353 temporis
1154 1291 1503 1345 acerbitatem,
1529 1290 1734 1336 deorum

250 1362 609 1409 immortalium
649 1361 985 1422 benignitate,
1025 1357 1477 1420 subterfugerunt3
1535 1357 1736 1411 deinde,

252 1429 387 1491 quod
410 1444 605 1473 summo
628 1427 794 1472 studio
815 1426 986 1487 populi
1010 1425 1220 1470 Romani
1246 1441 1275 1469 a
1297 1440 1378 1469 me
1402 1427 1452 1469 in
1475 1424 1734 1470 consulatu

252 1512 364 1541 meo
393 1494 587 1541 defensi
620 1500 753 1539 Sunt.
823 1493 949 1538 Cum
980 1491 1135 1537 enim1
1161 1492 1348 1536 tribuni
1382 1490 1540 1551 plebis
1569 1491 1734 1553 legem

250 1565 608 1624 iniquissimam
639 1561 702 1606 de
733 1576 905 1605 eorum
935 1562 1065 1621 agris
1093 1558 1564 1620 promulgavissent‚
1590 1556 1734 1603 facile

249 1633 447 1675 senatui
488 1628 774 1689 populoque
817 1626 1043 1671 Romano
1083 1628 1324 1686 persuasi,
1366 1631 1422 1670 ut
1463 1640 1547 1669 eos
1586 1627 1734 1679 cives,

251 1698 430 1758 quibus
449 1694 650 1740 fortuna
669 1697 994 1755 pepercisset,
1013 1692 1171 1737 salvos
1192 1707 1300 1736 esse
1319 1691 1521 1736 vellent.
1591 1691 1734 1737 Hanc

250 1768 500 1809 actionem
538 1778 704 1807 meam
744 1762 797 1806 C.
839 1761 1024 1805 Caesar
1061 1763 1221 1821 primo
1259 1775 1348 1804 suo
1385 1757 1647 1804 consulatu
1682 1762 1732 1805 in

724 1887 739 1911 ¹
771 1887 932 1927 Added
953 1887 1004 1939 by
1038 1885 1267 1926 Victorius.

311 2064 329 2083 ⁰
359 2057 477 2097 Orca
504 2055 591 2096 had
618 2055 726 2095 been
757 2058 931 2106 praetor
957 2054 1001 2092 in
1028 2055 1096 2098 57,
1124 2050 1212 2091 and
1239 2049 1480 2102 supported
1506 2050 1580 2090 the
1605 2052 1733 2093 recall

252 2114 302 2152 of
329 2111 495 2151 Cicero.
560 2110 609 2149 In
642 2113 694 2149 56
728 2109 781 2148 lie
814 2120 901 2147 was
931 2119 1148 2158 governor
1179 2106 1229 2144 of
1256 2105 1407 2144 Africa
1438 2104 1544 2155 (xiii.
1577 2108 1646 2146 6Α.
1671 2109 1729 2156 2).

254 2167 321 2206 lh·
352 2180 438 2204 was
469 2179 566 2204 now
595 2177 677 2202 one
707 2164 756 2201 of
782 2162 853 2201 the
886 2160 1010 2200 Laud
1042 2161 1405 2199 Commissioners
1433 2159 1501 2198 for
1527 2161 1699 2210 carryin

251 2225 329 2259 out
358 2219 556 2258 Caes-,ar's
585 2217 835 2256 allotnients
863 2217 913 2255 of
939 2214 1041 2253 land
1071 2219 1115 2253 to
1145 2213 1211 2253 his
1239 2217 1454 2253 veterans.
1510 2212 1616 2252 This
1643 2174 1734 2255 ang

253 2274 325 2313 the
356 2272 582 2322 following
615 2271 737 2310 letter
767 2270 886 2310 show
919 2269 992 2309 the
1023 2267 1271 2307 difficulties
1304 2266 1444 2306 which
1473 2267 1731 2309 confronted

254 2330 325 2367 the
347 2328 723 2366 Coniniissioners.

313 2381 328 2404 ⁰
363 2380 630 2424 Volaterrae,
662 2381 703 2417 in
738 2377 928 2422 Etruria,
960 2388 1048 2416 was
1077 2373 1282 2425 besieged
1313 2372 1401 2412 and
1431 2373 1642 2424 captured
1671 2375 1730 2427 by

254 2434 377 2474 Sulla
408 2436 475 2473 for
508 2434 672 2483 having
703 2434 831 2481 given
864 2429 1024 2469 shelter
1055 2433 1099 2467 to
1131 2441 1251 2467 some
1283 2427 1333 2466 of
1359 2426 1484 2466 those
1516 2425 1614 2466 who
1645 2429 1730 2470 had

255 2488 364 2526 been
387 2485 652 2538 proseribvd.
707 2484 830 2523 Sulla
850 2482 1053 2523 declar-ed
1077 2482 1187 2521 their
1211 2480 1335 2520 lauds
1357 2479 1623 2520 confiscated
1643 2483 1729 2523 and

255 2542 366 2581 their
402 2543 575 2580 ltonian
608 2538 865 2589 citizenship
898 2535 1122 2581 annulled,
1158 2535 1238 2574 but
1272 2535 1345 2574 the
1380 2534 1553 2575 Roman
1587 2541 1732 2579 courts

260 2605 318 2652 10⁸
