1837 3029
794 140 801 144 ’
870 157 1123 205 (ΠΟΕΒΟ

249 287 587 334 adulescentis
618 289 925 350 praesidium
953 288 1190 351 equidem
1217 287 1381 334 adhuc
1413 288 1611 335 firmum
1636 305 1747 337 esse

246 379 460 434 confido,
492 379 582 426 sed
613 383 686 425 ita
718 380 863 426 multi
895 379 1227 435 labefactant,
1262 387 1336 435 ut,
1368 396 1431 426 ne
1465 388 1746 437 moveatur,

247 471 501 517 interdum
549 475 894 518 extimescam.
967 471 1139 518 Habes
1184 479 1352 518 totum
1397 475 1470 518 rei
1514 472 1745 534 publicae

244 570 454 618 statum,
507 567 591 625 qui
643 563 848 625 quidem
900 570 1010 610 tum
1066 570 1193 619 erat,
1243 579 1358 610 cum
1409 561 1498 610 has
1550 563 1745 610 litteras

246 653 446 701 dabam.
509 653 673 700 Velim
694 655 932 718 deinceps
954 655 1161 702 meliora
1179 659 1305 702 sint:
1330 657 1406 702 sin
1427 655 1574 702 aliter
1592 654 1747 702 fuerit

245 746 445 808 —quod
461 746 510 792 di
528 763 678 792 omen
696 754 931 793 avertant
948 748 1097 794 l—rei
1116 747 1346 809 publicae
1366 750 1525 793 vicem
1546 747 1746 802 dolebo,

244 853 376 900 quac
408 838 702 885 immortalis
731 855 841 886 esse
868 839 1110 895 debebat,
1142 838 1263 885 mihi
1296 838 1501 902 quidem
1529 846 1746 901 quantu-

243 928 348 975 lum
374 929 551 993 reliqui
579 937 656 976 est
680 930 698 976 ?

841 1177 965 1224 )<Ι)ζ
1001 1178 1061 1241 (1.
1099 1178 1149 1238 9)

635 1319 690 1352 M.
729 1322 903 1352 CICERO
938 1321 975 1353 S.
1014 1322 1060 1353 D.
1100 1322 1153 1352 M.
1194 1321 1356 1352 BRUTO

780 1413 963 1461 Romae,
986 1427 1118 1455 A.U.C.
1143 1417 1218 1454 711

201 1513 219 1554 1
312 1508 571 1572 Fungerer
602 1510 778 1565 officio,
813 1526 911 1572 quo
945 1516 1002 1556 tu
1035 1509 1238 1556 functus
1272 1525 1325 1556 es
1358 1511 1410 1556 in
1442 1525 1557 1556 meo
1590 1508 1746 1564 luctu,

246 1606 401 1663 teque
428 1617 518 1663 per
542 1601 737 1648 litteras
764 1601 1062 1656 consolarer,
1089 1605 1181 1648 nisi
1206 1605 1385 1648 scirem
1408 1605 1466 1647 iis
1493 1600 1746 1656 remediis,

247 1693 426 1754 quibus
446 1709 617 1739 meum
636 1693 859 1739 dolorem
879 1700 935 1739 tu
955 1693 1189 1749 levasses,
1208 1700 1260 1740 te
1280 1697 1330 1739 in
1348 1700 1437 1740 tuo
1457 1709 1556 1739 non
1576 1707 1745 1755 egere,

247 1799 305 1830 ac
346 1784 494 1830 velim
535 1784 745 1841 facilius,
788 1801 940 1848 quam
981 1793 1103 1832 tunc
1144 1784 1283 1840 mihi,
1325 1801 1457 1831 nunc
1497 1785 1589 1831 tibi
1631 1789 1745 1830 tute

247 1875 500 1923 medeare.
561 1877 655 1924 Est
683 1884 856 1923 autem
882 1877 1102 1924 alienum
1130 1885 1276 1923 tanto
1304 1881 1424 1933 viro,
1445 1883 1663 1940 quantus
1692 1891 1745 1921 es

248 1975 322 2023 tu,
344 1968 479 2030 quod
498 1969 644 2015 alteri
664 1973 999 2032 praeceperit,
1020 1970 1070 2016 id
1090 1973 1254 2032 ipsum
1274 1968 1440 2016 facere
1462 1985 1562 2015 non
1582 1983 1742 2030 posse.

251 2059 339 2105 Me
371 2060 576 2123 quidem
605 2078 719 2108 cum
747 2064 986 2117 rationes,
1018 2078 1140 2125 quas
1171 2061 1462 2124 collegeras,
1491 2068 1601 2107 tum
1631 2075 1745 2106 auc-

248 2155 424 2198 toritas
463 2160 553 2199 tua
591 2170 620 2199 a
658 2157 811 2200 nimio
850 2170 1077 2200 maerore
1116 2154 1400 2208 deterruit3
1456 2169 1570 2198 cum
1610 2154 1743 2198 enim

247 2244 441 2291 mollius
468 2246 561 2291 tibi
587 2245 718 2291 ferre
747 2246 958 2300 viderer,
986 2263 1137 2309 quam
1165 2246 1371 2292 deceret
1398 2248 1574 2299 virum,
1602 2259 1743 2306 prae-

246 2340 420 2383 sertim
451 2353 586 2393 eum,
617 2341 700 2400 qui
732 2337 850 2384 alios
882 2337 1123 2384 consolari
1153 2337 1356 2393 soleret,
1387 2339 1630 2382 accusasti
1661 2351 1742 2381 me

295 2523 312 2541 ⁰
348 2518 412 2568 By
433 2518 506 2558 the
526 2517 659 2558 death
681 2518 731 2558 of
747 2518 812 2558 his
834 2519 932 2558 wife
956 2518 1122 2559 Porcia.
1186 2517 1268 2558 See
1290 2518 1438 2559 Letter
1458 2517 1589 2557 XVII
1615 2520 1633 2563 ξ
1654 2518 1692 2557 7.

246 2590 335 2630 688
