1837 3029
886 167 1135 214 CICERO

266 300 521 359 aspernari
549 315 647 344 non
674 305 902 360 possunt,
928 301 1012 360 qui
1040 298 1262 359 pendere
1290 300 1380 360 ipsi
1408 297 1623 361 vectigal
1646 299 1752 344 sine

266 364 533 425 publicano
567 382 665 411 non
701 372 996 426 potuerunt,
1030 365 1164 426 quod
1198 364 1273 410 his
1307 364 1588 428 aequaliter
1618 363 1754 410 Sulla

265 432 614 493 descripserat.
686 432 795 477 Non
827 447 935 477 csse
967 439 1138 477 autom
1169 431 1382 478 leniores
1411 435 1462 478 in
1493 431 1754 495 exigendis

266 498 595 559 vectigalibus
627 500 864 553 (ii-accos,
893 516 1044 560 quam
1078 506 1272 545 nostros
1302 498 1611 560 publicanos,
1640 497 1754 544 hinc

266 565 493 628 intellegi
534 573 722 627 potest,
763 566 897 627 quod
939 567 1115 611 Caunii
1156 582 1334 627 nuper,
1373 581 1650 628 omnesque
1690 580 1753 610 ex

265 632 454 686 insulis,
484 649 614 695 quae
646 640 792 678 erant
821 633 884 678 ab
914 632 1049 678 Sulla
1081 632 1285 679 Rhodiis
1315 633 1612 687 attributae,
1640 648 1754 678 con-

267 697 510 759 fugerunt
534 699 597 746 ad
622 707 875 754 senatum,
900 700 1042 745 nobis
1068 706 1125 745 ut
1151 703 1317 761 potius
1343 699 1577 763 vectigal,
1602 715 1752 761 quam

268 765 472 812 Rhodiis
506 767 806 828 penderent.
875 766 1044 823 Quare
1081 783 1263 813 nomen
1300 765 1551 828 publicani
1588 780 1754 827 neque

265 835 297 877 ii
343 833 536 879 debent
578 832 798 887 horrere,
843 837 927 895 qui
971 850 1172 896 semper
1215 832 1488 897 vectigales
1530 831 1754 886 suerunt,

265 915 431 962 neque
463 902 496 945 ii
527 903 801 962 aspernari,
831 904 917 962 qui
947 916 1038 962 per
1068 916 1121 946 se
1152 900 1376 962 pendere
1407 898 1622 963 vectigal
1654 915 1752 944 non

264 973 560 1027 potuerunt,
611 984 778 1030 ncque
829 971 862 1012 ii
914 983 1164 1022 recusare,
1217 971 1301 1030 qui
1353 966 1751 1029 postulaverunt.

189 1040 242 1080 34
267 1032 423 1079 Simul
444 1041 498 1080 et
515 1033 637 1081 illud
653 1036 771 1080 Asia
791 1037 1001 1096 cogitet,
1018 1034 1203 1080 nullam
1226 1051 1254 1080 a
1275 1050 1328 1081 se
1347 1050 1514 1097 neque
1534 1032 1651 1080 belli
1668 1049 1753 1079 ex-

265 1104 415 1155 terni,
434 1117 600 1164 neque
620 1102 977 1148 discordiarum
1002 1102 1391 1148 domesticarum
1409 1100 1750 1148 calamitatem

265 1166 555 1214 abfuturam
584 1166 755 1223 fuisse,
780 1171 818 1214 si
852 1168 944 1215 hoc
974 1172 1183 1231 imperio
1213 1186 1312 1215 non
1341 1174 1620 1215 teneretur.
1694 1166 1751 1212 Id

266 1241 438 1280 autcm
464 1238 729 1297 imperium
754 1252 867 1281 cum
892 1239 1096 1281 retineri
1128 1239 1234 1281 sine
1259 1234 1589 1299 vectigalibus
1616 1232 1751 1279 nullo

264 1301 414 1347 modo
441 1305 615 1363 possit,
643 1319 805 1365 aequo
832 1306 998 1348 animo
1027 1309 1171 1364 parte
1202 1302 1369 1364 aliqua
1396 1318 1599 1348 suorum
1622 1299 1751 1346 fruc-

266 1375 408 1414 tuum
436 1385 609 1430 pacem
637 1371 730 1416 sibi
754 1373 1116 1431 sempiternam
1140 1370 1357 1416 redimat
1381 1376 1537 1431 atque
1560 1371 1735 1414 otium.

186 1442 239 1481 35
327 1435 446 1481 XII.
483 1435 629 1494 Quod
655 1439 694 1482 si
718 1453 878 1499 genus
902 1440 1066 1498 ipsum
1091 1443 1145 1483 et
1168 1452 1353 1482 nomen
1375 1435 1627 1499 publicani
1652 1451 1750 1481 non

262 1504 434 1564 iniquo
474 1506 641 1549 animo
679 1505 1021 1558 sustinebunt,
1060 1511 1303 1565 poterunt
1341 1506 1417 1559 iis,
1455 1501 1658 1550 consilio
1698 1508 1752 1547 et

263 1570 534 1630 prudentia
576 1577 683 1625 tua,
726 1570 920 1633 reliqua
963 1571 1117 1617 videri
1160 1573 1374 1616 mitiora.
1444 1569 1660 1616 Possunt
1700 1570 1750 1613 in

263 1638 579 1698 pactionibus
607 1636 849 1685 faciendis
878 1655 977 1684 non
1005 1637 1171 1700 legem
1199 1645 1430 1699 spectare
1457 1639 1751 1690 censoriam,

263 1703 353 1749 sed
383 1707 549 1765 potius
578 1705 991 1751 commoditatem
1021 1705 1316 1751 conficiendi
1344 1707 1519 1765 negoti
1549 1710 1602 1750 et
1630 1702 1751 1748 libe-

263 1774 509 1817 rationem
537 1771 815 1818 molestiae.
886 1772 1036 1818 Potes
1063 1775 1217 1818 etiam
1245 1779 1302 1818 tu
1327 1772 1379 1818 id
1405 1770 1590 1826 facere,
1616 1769 1750 1833 quod

327 1907 344 1924 ‘¹
376 1902 556 1941 Caunus
577 1916 664 1940 was
688 1916 771 1942 one
794 1903 845 1941 of
863 1903 936 1942 the
956 1902 1076 1941 chief
1093 1904 1214 1942 cities
1232 1903 1282 1942 of
1302 1903 1445 1948 (laria,
1466 1915 1523 1941 on
1547 1902 1601 1942 its
1620 1899 1748 1941 south

270 1959 406 1999 coast.
441 1955 635 1996 founded
677 1956 735 2007 by
772 1957 843 1996 the
883 1958 1080 2001 Cretam,
1118 1957 1196 1995 but
1227 1956 1354 1995 made
1390 1956 1559 2005 subject
1596 1958 1640 1995 to
1678 1954 1749 1994 tlu-

271 2009 498 2049 Rhodiam<
518 2011 558 2049 in
577 2014 661 2049 300
682 2024 759 2051 mc.
800 2010 839 2050 It
859 2024 946 2050 was
965 2010 1237 2062 unhcalizhily
1255 2010 1460 2057 situatcd,
1480 2010 1559 2049 but
1576 2010 1750 2049 famous

270 2064 337 2103 for
359 2065 412 2102 its
432 2063 554 2103 (lricd
578 2064 673 2115 fuss.

278 2118 342 2210 Bb
372 2117 685 2210 'l‘llieselwords
715 2132 787 2158 arc
816 2117 1056 2170 strikingly
1087 2117 1334 2170 applicablc
1368 2121 1413 2158 to
1449 2117 1578 2157 India
1611 2115 1750 2156 under

317 2172 408 2210 ritis
426 2185 440 2210 ι
463 2185 510 2211 ru
532 2186 568 2211 e.

333 2231 346 2248 ⁶
374 2225 467 2265 The
489 2225 751 2277 provincials
780 2225 921 2277 might
949 2224 1079 2265 make
1106 2224 1268 2277 special
1297 2228 1643 2277 arrangeinentS,
1672 2227 1747 2263 not

273 2278 315 2317 in
338 2280 459 2318 sti-iet
486 2278 639 2319 accord
664 2279 767 2318 with
796 2279 868 2319 the
897 2281 1125 2319 censoriam
1152 2279 1248 2325 law,
1271 2279 1374 2319 with
1400 2279 1473 2318 the
1499 2277 1746 2331 publicana

272 2330 377 2382 they
405 2332 559 2382 might,
585 2334 653 2371 for
674 2335 884 2379 instance,
909 2333 1144 2372 substitute
1173 2346 1228 2372 an
1260 2332 1511 2372 immediate
1538 2334 1748 2383 payment

276 2386 326 2425 of
344 2385 416 2424 the
442 2390 514 2424 tax
535 2387 602 2425 for
632 2386 727 2425 that
757 2386 958 2437 enjoined
987 2387 1046 2438 by
1076 2386 1149 2426 the
1180 2385 1276 2431 law,
1299 2386 1386 2425 and
1407 2386 1592 2436 thereby
1612 2383 1749 2424 facili-

268 2442 358 2478 tate
390 2439 602 2486 business,
625 2440 712 2479 and
737 2454 893 2492 escape
923 2439 996 2480 the
1025 2444 1232 2481 constant
1256 2440 1460 2491 dunning
1489 2440 1539 2480 of
1562 2438 1636 2479 the
1656 2442 1749 2478 tax-

270 2492 470 2533 farmers.
534 2492 718 2544 Tyrrcll.

276 2563 371 2603 424
