1868 3040
814 190 1066 239 CICERO

196 319 409 382 Cuspius
454 320 693 384 singulari
738 321 906 368 studio
952 319 1216 368 contendit
1262 335 1293 366 a
1337 335 1438 375 me,
1485 324 1544 366 ut
1588 317 1681 365 tibi

197 416 349 464 quam
373 400 754 464 diligentissime
780 400 837 448 L.
865 400 1046 447 Iulium
1071 399 1494 447 commendarem.
1561 398 1681 444 Eius

198 497 293 544 ego
323 481 490 528 studio
523 485 603 527 vix
634 481 805 528 videor
833 480 955 527 mihi
985 479 1275 527 satisfacere
1305 495 1470 542 posse,
1499 481 1538 525 si
1569 485 1683 524 utar

199 562 360 608 verbis
397 565 472 616 iis,
510 562 708 624 quibus,
744 578 858 608 cum
895 561 1277 625 diligentissime
1314 560 1435 622 quid
1471 562 1683 622 agimus,

198 645 274 688 uti
305 642 536 688 solemus.
607 641 749 688 Nova
780 642 1030 705 quaedam
1063 641 1304 703 postulat,
1337 647 1390 687 et
1421 646 1572 702 putat
1601 654 1682 684 me

200 725 306 768 eius
353 726 553 785 generis
602 722 866 768 artificium
915 722 1171 784 quoddam
1220 729 1411 768 tenere.
1480 719 1539 765 Ei
1589 735 1684 781 ego

199 802 447 864 pollicitus
485 819 595 848 sum
631 819 714 849 me
752 819 815 849 ex
852 806 1031 849 intima
1067 809 1238 848 nostra
1274 808 1383 847 arte
1420 801 1685 862 depromp-

201 890 370 929 turum
407 883 669 929 mirificum
705 899 865 946 genus
901 883 1365 929 commendationis.
1435 881 1495 927 Id
1529 896 1685 943 quon-

201 967 302 1010 iam
333 968 530 1027 assequi
561 981 660 1010 non
689 980 910 1026 possum,
939 970 997 1010 tu
1026 980 1080 1010 re
1112 963 1256 1009 velim
1290 962 1489 1017 efficias,
1518 967 1577 1007 ut
1602 959 1685 1006 ille

201 1061 390 1108 genere
454 1061 682 1092 mearum
744 1045 1027 1092 litterarum
1090 1043 1382 1090 incredibile
1445 1041 1686 1106 quiddam

151 1137 177 1173 4
201 1125 485 1187 perfectum
538 1126 825 1172 arbitretur.
896 1125 955 1172 Id
1008 1124 1179 1180 facies,
1232 1127 1271 1170 si
1324 1139 1474 1170 omne
1525 1137 1687 1186 genus

202 1206 536 1261 liberalitatis,
561 1206 696 1268 quod
722 1213 775 1252 et
801 1206 864 1252 ab
890 1204 1210 1251 humanitate
1237 1211 1289 1250 et
1313 1209 1572 1266 potestate
1596 1209 1688 1248 tua

202 1286 443 1348 proficisci
484 1290 690 1348 poterit,
732 1302 832 1332 non
874 1286 1023 1332 modo
1065 1301 1137 1341 re,
1179 1285 1268 1332 sed
1311 1287 1466 1331 etiam
1506 1282 1688 1338 verbis,

204 1366 345 1414 vultu
399 1367 619 1429 denique
675 1370 1077 1429 exprompseris;
1150 1381 1280 1429 quae
1336 1370 1584 1427 quantum
1636 1365 1687 1409 in

201 1450 455 1510 provincia
483 1447 703 1503 valeant,
732 1446 913 1493 vellem
944 1453 1184 1509 expertus
1215 1462 1366 1502 esses,
1396 1444 1485 1491 sed
1513 1451 1688 1490 tamen

201 1532 436 1590 suspicor.
507 1528 679 1590 Ipsum
722 1526 996 1582 hominem,
1041 1543 1194 1590 quem
1238 1526 1331 1572 tibi
1375 1524 1690 1580 commendo,

202 1609 504 1672 perdignum
539 1624 647 1655 esse
681 1615 771 1654 tua
805 1611 1042 1663 amicitia,
1075 1623 1176 1654 non
1209 1607 1386 1662 solum,
1420 1608 1538 1669 quia
1569 1603 1691 1650 mihi

203 1689 415 1752 Cuspius
446 1689 584 1745 dicit,
614 1689 764 1735 credo
795 1689 1022 1753 (tametsi
1052 1688 1104 1735 id
1134 1691 1254 1735 satis
1287 1703 1395 1734 esse
1426 1684 1687 1748 debebat),

202 1770 293 1817 sed
325 1773 443 1833 quia
475 1773 589 1816 novi
623 1773 728 1816 eius
761 1770 999 1816 iudicium
1031 1772 1083 1814 in
1114 1767 1399 1815 hominibus
1432 1774 1487 1814 et
1518 1767 1688 1813 amicis

152 1851 497 1914 bdeligendis.
567 1850 761 1896 Harum
812 1850 1097 1897 litterarum
1151 1853 1221 1896 vis
1275 1855 1467 1911 quanta
1517 1846 1688 1902 fuerit,

201 1932 498 1994 propediem
550 1931 800 1987 iudicabo,
853 1932 1067 1993 tibique,
1122 1937 1180 1977 ut
1233 1929 1446 1985 confido,
1498 1930 1688 1991 gratias

202 2029 367 2075 agam.
435 2012 563 2076 Ego,
591 2028 722 2074 quae
748 2019 802 2058 te
829 2011 974 2067 velle,
1002 2027 1235 2074 quaeque
1263 2009 1327 2056 ad
1353 2017 1405 2056 te
1432 2011 1687 2072 pertinere

202 2093 499 2149 arbitrabor,
555 2096 723 2139 omnia
779 2092 1001 2139 studiose
1057 2091 1429 2154 diligenterque
1484 2088 1684 2136 curabo.

202 2173 350 2229 Cura,
375 2180 432 2221 ut
455 2172 637 2221 valeas.

541 2347 561 2369 ⁰
591 2342 657 2383 Sc.
683 2347 765 2383 “te
788 2356 887 2383 mox
909 2346 1190 2394 experturum
1211 2339 1352 2382 esse.”

211 2602 274 2650 ‘26
