1837 3029
858 168 919 213 (11
929 167 1106 213 CERO

238 304 287 346 in
341 303 448 345 istis
496 299 726 343 Asiaticis
780 297 1060 348 itineribus,
1106 302 1164 341 ut
1209 298 1247 341 si
1293 299 1391 342 iter
1436 296 1603 358 Appia
1646 298 1724 342 via

238 379 464 434 faceres;
527 394 652 424 neve
700 380 942 422 interesse
989 376 1263 438 quidquam
1310 382 1512 437 putent,
1555 382 1723 422 utrum

237 459 425 506 Tralles
471 475 534 504 an
583 458 803 503 Formias
851 459 1094 502 venerint.
1165 457 1252 510 At,
1297 459 1336 501 si
1382 459 1492 519 quis
1539 463 1616 503 est
1661 473 1723 503 ex

238 543 390 587 servis
439 541 642 602 egregie
692 536 869 591 fidelis,
917 539 981 582 sit
1029 539 1076 581 in
1126 537 1412 583 domesticis
1458 537 1625 591 rebus,
1673 544 1726 584 et

239 623 478 684 privatis3
531 634 661 682 quae
695 634 774 663 res
810 617 873 664 ad
905 617 1119 662 officium
1153 620 1332 679 imperi
1364 619 1438 663 tui
1473 624 1628 680 atque
1662 617 1725 665 ad

241 701 457 764 aliquam
480 706 679 761 partem
700 696 1005 759 reipublicae
1028 697 1375 759 pertinebunt,
1396 697 1460 744 de
1482 696 1557 743 his
1576 698 1726 744 rebus

241 798 304 828 ne
337 780 458 843 quid
491 782 728 842 attingat.
784 777 951 824 Multa
984 781 1136 833 enim,
1161 793 1292 840 quae
1315 784 1456 824 recte
1479 780 1726 824 committi

239 865 390 908 servis
419 859 648 907 fidelibus
675 865 903 921 possunt,
928 865 1102 904 tamen
1129 861 1371 904 sermonis
1397 864 1451 904 et
1476 861 1727 921 vitupera-

165 950 214 989 18
242 945 387 989 tionis
424 940 659 986 vitandae
694 956 845 985 causa
877 939 1243 984 committenda
1278 956 1376 984 non
1410 946 1542 985 sunt.
1609 937 1727 994 Sed,

239 1025 405 1070 nescio
439 1039 537 1083 quo
571 1027 737 1081 pacto,
771 1020 835 1066 ad
867 1019 1208 1081 praecipiendi
1241 1022 1486 1065 rationem
1521 1018 1728 1081 delapsa

239 1110 316 1150 est
351 1105 510 1149 oratio
545 1117 677 1153 mea,
712 1117 826 1146 cum
861 1100 912 1146 id
947 1098 1067 1145 mihi
1104 1102 1414 1161 propositum
1450 1102 1593 1146 initio
1627 1117 1726 1146 non

238 1183 430 1230 fuisset.
500 1182 635 1239 Quid
665 1183 796 1225 enim
828 1182 872 1225 ei
901 1183 1224 1241 praecipiam,
1253 1196 1405 1241 quem
1435 1196 1529 1244 ego
1556 1183 1605 1225 in
1633 1179 1726 1227 hoc

237 1266 535 1327 praesertim
582 1277 770 1324 genere
817 1259 1111 1323 intellegam
1157 1260 1428 1322 prudentia
1473 1277 1572 1306 non
1618 1277 1726 1307 esse

237 1343 523 1390 inferiorem
562 1358 713 1404 quam
751 1357 849 1386 me.
888 1358 979 1386 usu
1028 1356 1144 1386 vero
1182 1343 1335 1386 etiarn
1377 1342 1724 1403 superiorem?

237 1423 338 1470 Sed
356 1430 530 1469 tamen
550 1425 585 1466 si
610 1422 673 1468 ad
694 1437 770 1475 ea,
791 1437 921 1482 quae
942 1419 1151 1474 faceres,
1171 1423 1442 1466 auctoritas
1463 1422 1727 1468 accederet

237 1521 368 1558 mea,
392 1504 484 1550 tibi
509 1505 601 1564 ipsi
626 1501 708 1547 illa
731 1504 906 1563 putavi
929 1499 1036 1546 sore
1060 1501 1367 1546 iucundiora.
1435 1501 1604 1559 Quare
1626 1505 1727 1549 sint

238 1585 362 1631 haec
403 1582 739 1630 fundamenta
780 1582 1043 1644 dignitatis
1085 1588 1225 1636 tuae,
1267 1588 1357 1627 tua
1398 1584 1614 1642 primum
1655 1586 1727 1629 in-

238 1668 450 1729 tegritas
481 1671 533 1710 et
562 1665 873 1709 continentia
899 1677 908 1716 ;
957 1662 1140 1708 deinde
1170 1664 1411 1717 omnium,
1441 1665 1525 1724 qui
1557 1669 1726 1709 tecum

237 1752 373 1800 sunt,
416 1745 610 1807 pudor;
672 1742 898 1790 delectus
942 1745 991 1788 in
1035 1741 1478 1797 familiaritatibus,
1522 1750 1576 1790 et
1618 1761 1727 1806 pro-

238 1824 519 1872 vincialium
571 1823 829 1870 hominurn
880 1829 933 1869 et
983 1822 1308 1877 Graecorum,
1356 1830 1625 1884 percautus
1675 1832 1728 1871 et

238 1907 486 1970 diligens;
559 1903 779 1950 familiae
834 1906 998 1967 gravis
1055 1910 1107 1949 et
1163 1911 1396 1950 constans
1451 1904 1725 1967 disciplina.

163 1994 217 2036 19
242 1988 385 2045 Quae
421 2002 534 2032 curn
571 1984 782 2030 honesta
819 1988 917 2030 sint
954 1987 1004 2029 in
1039 1983 1114 2030 his
1150 1987 1355 2045 privatis
1391 1987 1572 2030 nostris
1608 2003 1728 2048 quo—

238 2068 542 2128 tidianisque
587 2065 881 2119 rationibus,
926 2067 975 2109 in
1025 2071 1169 2109 tanto
1218 2067 1444 2125 irnperio,
1488 2071 1594 2110 tarn
1643 2066 1727 2112 de-

240 2149 459 2210 pravatis
495 2147 733 2200 moribus,
770 2152 874 2191 tam
912 2148 1215 2206 corruptrice
1255 2147 1525 2205 provincia,
1561 2145 1727 2193 divina

240 2228 506 2274 videantur
541 2242 746 2272 necesse
783 2232 875 2271 est.
946 2224 1087 2271 Haec
1122 2227 1375 2271 institutio
1411 2231 1566 2287 atque
1603 2225 1727 2274 haec

303 2357 320 2375 ⁰
353 2352 390 2390 A
408 2349 684 2391 commercia]
706 2354 822 2390 town
839 2350 888 2389 of
906 2348 1047 2400 Lydia
1066 2350 1108 2388 in
1127 2349 1235 2389 Asia
1256 2348 1420 2395 Minor,
1436 2348 1543 2388 used
1564 2349 1665 2392 here
1679 2353 1729 2393 of

246 2420 333 2458 any
352 2407 375 2420 ‘⁸
392 2403 747 2445 out-os-ibe-wav
765 2403 790 2418 ''
807 2404 976 2455 foreign
998 2402 1136 2455 place,
1154 2415 1202 2443 as
1223 2404 1265 2442 in
1287 2402 1391 2442 Juv.
1408 2403 1434 2442 i.
1453 2405 1493 2443 3.
1516 2405 1570 2442 70
1590 2406 1633 2455 (“
1657 2405 1727 2447 hio

244 2459 463 2500 Trallibus
484 2463 561 2497 aut.
583 2447 827 2497 Alaba‘ndis
842 2457 903 2508 ’“),

309 2514 324 2538 ⁶
355 2513 437 2553 See
459 2516 560 2552 note
581 2526 607 2551 a
629 2525 683 2552 on
707 2516 724 2558 ς
745 2514 785 2551 2,

248 2576 345 2626 406
