1868 3040
909 187 1160 234 CICERO

293 319 504 366 oblitum
535 321 649 363 mei.
714 317 902 375 Quanti
934 319 1065 362 enim
1096 332 1177 361 me
1206 314 1415 370 faceres,
1443 332 1556 361 cum
1585 332 1648 363 ex
1675 333 1771 364 ser-

294 387 522 433 monibus
545 384 849 446 quotidianis
871 387 1013 439 meis,
1034 391 1141 430 tum
1167 399 1230 429 ex
1253 382 1478 444 epistulis
1501 386 1655 430 etiam
1677 387 1774 431 tuis

294 457 462 517 potuit
485 467 802 515 cognoscere.

845 752 1020 783 CICERO
1054 752 1228 782 sERVlo

823 857 986 900 ioniae,
1008 868 1138 894 A.U.c.
1163 857 1257 894 708.

359 973 640 1035 Asclapone
662 971 906 1025 Patrensi,
927 971 1138 1016 medico.
1159 977 1270 1016 utor
1291 969 1432 1016 valde
1451 969 1778 1028 familiariter,

295 1045 502 1103 eiusque
534 1057 647 1086 cum
678 1038 989 1084 consuetudo
1021 1037 1139 1082 mihi
1171 1038 1388 1084 iucunda
1417 1036 1531 1093 fuit,
1561 1046 1669 1085 tum
1701 1056 1778 1086 ars

296 1113 468 1163 etiam,
503 1124 652 1169 quain
689 1123 798 1151 sum
835 1111 1074 1166 expertus
1109 1107 1158 1150 in
1194 1104 1483 1151 valetudine
1518 1121 1779 1161 meorum3

294 1179 343 1221 in
378 1192 478 1238 qua
509 1173 629 1219 mihi
662 1190 773 1218 eum
807 1175 913 1233 ipsa
945 1174 1172 1225 scientia,
1204 1178 1312 1217 tum
1347 1175 1501 1217 etiam
1534 1171 1779 1219 fidelitate

294 1241 750 1302 benevolentiaque
793 1237 1052 1285 satisfecit.
1131 1238 1278 1284 Hune
1319 1241 1473 1301 igitur
1513 1239 1606 1285 tibi
1648 1257 1779 1286 com-

295 1309 497 1363 mendo,
543 1314 597 1354 et,
641 1324 669 1352 a
714 1314 766 1353 te
811 1313 950 1368 peto,
995 1305 1083 1352 des
1128 1322 1351 1366 operam,
1397 1311 1454 1351 ut,
1496 1305 1780 1370 intellegat,

295 1377 566 1437 diligenter
613 1390 694 1419 me
743 1376 994 1434 scripsisse
1043 1372 1106 1418 de
1155 1389 1284 1426 sese,
1332 1389 1601 1434 meamque
1648 1390 1780 1420 com-

295 1443 672 1489 mendationem
709 1443 817 1485 usui
853 1457 1036 1503 magno
1070 1439 1162 1485 sibi
1197 1437 1365 1486 fuisse.
1432 1439 1544 1486 Erit
1575 1440 1627 1487 id
1659 1439 1779 1487 mihi

294 1509 625 1557 vehementer
646 1514 864 1571 gratum.

977 1664 1099 1711 XXI

613 1809 668 1842 Μ.
705 1810 749 1841 Τ.
786 1811 826 1840 c.
863 1811 901 1839 s.
939 1809 981 1839 P.
1021 1810 1066 1839 D.
1104 1809 1208 1839 ssu.
1245 1809 1466 1841 sum‘1c1o

833 1915 998 1958 ioniae,
1021 1925 1152 1951 Λ.υ.(“,
1176 1914 1271 1951 708.

247 2028 266 2069 1
361 2021 431 2066 Μ.
464 2019 704 2065 Aemilius
735 2019 974 2063 Avianius
1003 2018 1065 2061 ab
1094 2020 1301 2063 ineunte
1332 2017 1670 2065 adolescentia
1700 2037 1780 2066 me

296 2089 579 2135 observavit
618 2101 918 2147 semperque
959 2084 1153 2138 dilexit,
1194 2087 1265 2129 vir
1303 2101 1415 2129 cum
1456 2085 1633 2139 bonus,
1672 2093 1779 2132 tum

295 2155 635 2217 perhumanus
684 2160 736 2199 et
794 2156 844 2197 in
890 2154 1025 2197 omni
1070 2168 1258 2214 genere
1304 2151 1429 2197 offici
1482 2151 1780 2215 diligendus.

359 2278 377 2295 ‘²
411 2272 477 2311 lle
506 2283 594 2310 was
622 2284 647 2309 a
678 2274 833 2320 patron
861 2270 912 2308 of
934 2269 1008 2309 the
1035 2268 1230 2319 sculptor
1257 2268 1306 2308 C.
1337 2268 1550 2308 Avianius
1578 2268 1783 2310 Evander

302 2325 551 2366 mentioned
587 2326 628 2363 in
661 2326 748 2363 xiii.
782 2327 822 2369 ε),
855 2323 943 2362 and
975 2323 1024 2362 of
1052 2323 1125 2362 tlic
1157 2322 1206 2362 C.
1240 2323 1454 2362 Avianius
1488 2322 1783 2364 Hammonius

304 2378 553 2419 mentioned
586 2380 626 2417 in
659 2382 677 2423 ξ
706 2380 730 2416 Ω
762 2377 915 2417 below.
979 2376 1219 2415 Freedmen
1242 2375 1468 2427 generally
1488 2375 1680 2428 adopted
1712 2379 1783 2418 the

300 2445 560 2484 praenomen
590 2430 677 2470 and
708 2444 860 2470 nomen
890 2431 941 2469 of
964 2429 1076 2469 their
1105 2434 1263 2481 patron
1294 2430 1338 2468 in
1367 2428 1567 2469 addition
1597 2433 1642 2470 to
1672 2430 1783 2471 their

301 2501 414 2533 own,
448 2500 496 2526 as
528 2485 603 2525 did
636 2486 877 2536 foreigners
909 2483 1001 2523 also
1034 2483 1159 2523 when
1194 2482 1323 2523 made
1354 2485 1532 2524 citizens
1563 2485 1615 2524 of
1643 2484 1783 2527 Rome

302 2541 494 2593 through
517 2539 590 2580 the
611 2539 826 2579 influence
846 2539 897 2579 of
912 2551 1032 2578 some
1052 2541 1178 2590 great
1200 2537 1390 2579 Roman.

306 2605 367 2654 68
