<?xml version="1.0" encoding="UTF-8"?>
<!DOCTYPE html PUBLIC "-//W3C//DTD XHTML 1.0 Transitional//EN"
    "http://www.w3.org/TR/xhtml1/DTD/xhtml1-transitional.dtd">
<html xmlns="http://www.w3.org/1999/xhtml" xml:lang="en" lang="en">
 <head>
  <title>
</title>
<meta http-equiv="Content-Type" content="text/html;charset=utf-8" />
  <meta name='ocr-system' content='tesseract 3.04.00' />
  <meta name='ocr-capabilities' content='ocr_page ocr_carea ocr_par ocr_line ocrx_word'/>
</head>
<body>
  <div class='ocr_page' id='page_1' title='image "./letterstohisfrie03ciceuoft_0106.png"; bbox 0 0 1868 3040; ppageno 0'>
   <div class='ocr_carea' id='block_1_1' title="bbox 937 215 1189 263">
    <p class='ocr_par' dir='ltr' id='par_1_1' title="bbox 937 215 1189 263">
     <span class='ocr_line' id='line_1_1' title="bbox 937 215 1189 263; baseline 0.004 -1"><span class='ocrx_word' id='word_1_1' title='bbox 937 215 1189 263; x_wconf 89' lang='lat' dir='ltr'>CICERO</span> 
     </span>
    </p>
   </div>
   <div class='ocr_carea' id='block_1_2' title="bbox 267 343 1804 1176">
    <p class='ocr_par' dir='ltr' id='par_1_2' title="bbox 317 343 1804 406">
     <span class='ocr_line' id='line_1_2' title="bbox 317 343 1804 406; baseline 0 -14"><span class='ocrx_word' id='word_1_2' title='bbox 317 343 607 400; x_wconf 86' lang='lat' dir='ltr'><strong>Anchialus,</strong></span> <span class='ocrx_word' id='word_1_3' title='bbox 644 343 794 391; x_wconf 92' lang='lat' dir='ltr'><strong>homo</strong></span> <span class='ocrx_word' id='word_1_4' title='bbox 832 351 885 391; x_wconf 88' lang='lat' dir='ltr'><strong>et</strong></span> <span class='ocrx_word' id='word_1_5' title='bbox 921 351 1135 406; x_wconf 90' lang='lat' dir='ltr'><strong>patrono</strong></span> <span class='ocrx_word' id='word_1_6' title='bbox 1173 351 1226 391; x_wconf 89' lang='lat' dir='ltr'><strong>et</strong></span> <span class='ocrx_word' id='word_1_7' title='bbox 1261 347 1462 406; x_wconf 88' lang='lat' dir='ltr'><strong>patroni</strong></span> <span class='ocrx_word' id='word_1_8' title='bbox 1497 347 1804 401; x_wconf 88' lang='lat' dir='ltr'><strong>necessariis,</strong></span> 
     </span>
    </p>

    <p class='ocr_par' dir='ltr' id='par_1_3' title="bbox 267 420 1804 1176">
     <span class='ocr_line' id='line_1_3' title="bbox 267 420 1803 484; baseline 0 -17"><span class='ocrx_word' id='word_1_9' title='bbox 267 428 293 467; x_wconf 89' lang='lat'>2</span> <span class='ocrx_word' id='word_1_10' title='bbox 317 438 416 484; x_wconf 91' lang='lat' dir='ltr'><strong>quo</strong></span> <span class='ocrx_word' id='word_1_11' title='bbox 448 425 500 467; x_wconf 89' lang='lat' dir='ltr'><strong>in</strong></span> <span class='ocrx_word' id='word_1_12' title='bbox 533 437 743 467; x_wconf 89' lang='lat' dir='ltr'><strong>numero</strong></span> <span class='ocrx_word' id='word_1_13' title='bbox 777 437 873 484; x_wconf 88' lang='lat' dir='ltr'><strong>ego</strong></span> <span class='ocrx_word' id='word_1_14' title='bbox 906 436 1034 476; x_wconf 90' lang='lat' dir='ltr'><strong>sum,</strong></span> <span class='ocrx_word' id='word_1_15' title='bbox 1067 421 1462 483; x_wconf 86' lang='lat' dir='ltr'><strong>probatissimus.</strong></span> <span class='ocrx_word' id='word_1_16' title='bbox 1530 420 1680 467; x_wconf 89' lang='lat' dir='ltr'><strong>Hunc</strong></span> <span class='ocrx_word' id='word_1_17' title='bbox 1709 421 1803 468; x_wconf 91' lang='lat' dir='ltr'><strong>tibi</strong></span> 
     </span>
     <span class='ocr_line' id='line_1_4' title="bbox 316 497 1804 562; baseline 0.001 -18"><span class='ocrx_word' id='word_1_18' title='bbox 316 503 389 545; x_wconf 85' lang='lat' dir='ltr'><strong>ita</strong></span> <span class='ocrx_word' id='word_1_19' title='bbox 416 498 732 553; x_wconf 88' lang='lat' dir='ltr'><strong>commendo,</strong></span> <span class='ocrx_word' id='word_1_20' title='bbox 761 505 835 553; x_wconf 92' lang='lat' dir='ltr'><strong>ut,</strong></span> <span class='ocrx_word' id='word_1_21' title='bbox 863 501 902 544; x_wconf 88' lang='lat' dir='ltr'><strong>si</strong></span> <span class='ocrx_word' id='word_1_22' title='bbox 931 514 1074 544; x_wconf 84' lang='lat' dir='ltr'><strong>meus</strong></span> <span class='ocrx_word' id='word_1_23' title='bbox 1101 497 1311 544; x_wconf 86' lang='lat' dir='ltr'><strong>libertus</strong></span> <span class='ocrx_word' id='word_1_24' title='bbox 1342 504 1493 553; x_wconf 91' lang='lat' dir='ltr'><strong>esset,</strong></span> <span class='ocrx_word' id='word_1_25' title='bbox 1522 497 1804 562; x_wconf 91' lang='lat' dir='ltr'><strong>eodemque</strong></span> 
     </span>
     <span class='ocr_line' id='line_1_5' title="bbox 317 575 1803 638; baseline 0 -16"><span class='ocrx_word' id='word_1_26' title='bbox 317 575 453 637; x_wconf 85' lang='lat' dir='ltr'><strong>apud</strong></span> <span class='ocrx_word' id='word_1_27' title='bbox 485 591 566 621; x_wconf 91' lang='lat' dir='ltr'><strong>me</strong></span> <span class='ocrx_word' id='word_1_28' title='bbox 599 575 707 621; x_wconf 92' lang='lat' dir='ltr'><strong>loco</strong></span> <span class='ocrx_word' id='word_1_29' title='bbox 741 582 892 630; x_wconf 93' lang='lat' dir='ltr'><strong>esset,</strong></span> <span class='ocrx_word' id='word_1_30' title='bbox 927 592 1025 638; x_wconf 89' lang='lat' dir='ltr'><strong>quo</strong></span> <span class='ocrx_word' id='word_1_31' title='bbox 1061 582 1138 622; x_wconf 91' lang='lat' dir='ltr'><strong>est</strong></span> <span class='ocrx_word' id='word_1_32' title='bbox 1172 575 1307 637; x_wconf 92' lang='lat' dir='ltr'><strong>apud</strong></span> <span class='ocrx_word' id='word_1_33' title='bbox 1338 582 1608 637; x_wconf 87' lang='lat' dir='ltr'><strong>patronum</strong></span> <span class='ocrx_word' id='word_1_34' title='bbox 1640 592 1803 630; x_wconf 90' lang='lat' dir='ltr'><strong>suum,</strong></span> 
     </span>
     <span class='ocr_line' id='line_1_6' title="bbox 315 651 1803 714; baseline 0.001 -17"><span class='ocrx_word' id='word_1_35' title='bbox 315 655 503 699; x_wconf 89' lang='lat' dir='ltr'><strong>maiore</strong></span> <span class='ocrx_word' id='word_1_36' title='bbox 528 652 696 698; x_wconf 92' lang='lat' dir='ltr'><strong>studio</strong></span> <span class='ocrx_word' id='word_1_37' title='bbox 720 652 1076 698; x_wconf 89' lang='lat' dir='ltr'><strong>commendare</strong></span> <span class='ocrx_word' id='word_1_38' title='bbox 1101 669 1201 698; x_wconf 93' lang='lat' dir='ltr'><strong>non</strong></span> <span class='ocrx_word' id='word_1_39' title='bbox 1225 668 1440 714; x_wconf 90' lang='lat' dir='ltr'><strong>possem.</strong></span> <span class='ocrx_word' id='word_1_40' title='bbox 1499 651 1669 710; x_wconf 85' lang='lat' dir='ltr'><strong>Quare</strong></span> <span class='ocrx_word' id='word_1_41' title='bbox 1691 668 1803 714; x_wconf 90' lang='lat' dir='ltr'><strong>per-</strong></span> 
     </span>
     <span class='ocr_line' id='line_1_7' title="bbox 315 727 1802 792; baseline 0.001 -17"><span class='ocrx_word' id='word_1_42' title='bbox 315 735 518 792; x_wconf 86' lang='lat' dir='ltr'><strong>gratum</strong></span> <span class='ocrx_word' id='word_1_43' title='bbox 568 727 687 774; x_wconf 88' lang='lat' dir='ltr'><strong>mihi</strong></span> <span class='ocrx_word' id='word_1_44' title='bbox 738 727 933 783; x_wconf 86' lang='lat' dir='ltr'><strong>feceris,</strong></span> <span class='ocrx_word' id='word_1_45' title='bbox 983 732 1022 774; x_wconf 88' lang='lat' dir='ltr'><strong>si</strong></span> <span class='ocrx_word' id='word_1_46' title='bbox 1073 744 1189 775; x_wconf 90' lang='lat' dir='ltr'><strong>eum</strong></span> <span class='ocrx_word' id='word_1_47' title='bbox 1239 732 1289 774; x_wconf 92' lang='lat' dir='ltr'><strong>in</strong></span> <span class='ocrx_word' id='word_1_48' title='bbox 1339 732 1613 775; x_wconf 82' lang='lat' dir='ltr'>amicitiam</span> <span class='ocrx_word' id='word_1_49' title='bbox 1660 736 1802 777; x_wconf 86' lang='lat' dir='ltr'><strong>tuam</strong></span> 
     </span>
     <span class='ocr_line' id='line_1_8' title="bbox 315 804 1801 867; baseline 0 -16"><span class='ocrx_word' id='word_1_50' title='bbox 315 808 582 867; x_wconf 87' lang='lat' dir='ltr'><strong>receperiS,</strong></span> <span class='ocrx_word' id='word_1_51' title='bbox 609 812 765 867; x_wconf 90' lang='lat' dir='ltr'><strong>atque</strong></span> <span class='ocrx_word' id='word_1_52' title='bbox 795 821 929 860; x_wconf 89' lang='lat' dir='ltr'><strong>eum,</strong></span> <span class='ocrx_word' id='word_1_53' title='bbox 957 805 1093 867; x_wconf 90' lang='lat' dir='ltr'><strong>quod</strong></span> <span class='ocrx_word' id='word_1_54' title='bbox 1119 809 1226 851; x_wconf 90' lang='lat' dir='ltr'><strong>sine</strong></span> <span class='ocrx_word' id='word_1_55' title='bbox 1254 805 1487 851; x_wconf 89' lang='lat' dir='ltr'><strong>molestia</strong></span> <span class='ocrx_word' id='word_1_56' title='bbox 1512 812 1604 851; x_wconf 89' lang='lat' dir='ltr'><strong>tua</strong></span> <span class='ocrx_word' id='word_1_57' title='bbox 1630 804 1737 861; x_wconf 88' lang='lat' dir='ltr'><strong>fiat,</strong></span> <span class='ocrx_word' id='word_1_58' title='bbox 1761 808 1801 851; x_wconf 91' lang='lat' dir='ltr'><strong>si</strong></span> 
     </span>
     <span class='ocr_line' id='line_1_9' title="bbox 315 880 1802 944; baseline 0.001 -17"><span class='ocrx_word' id='word_1_59' title='bbox 315 898 417 944; x_wconf 89' lang='lat' dir='ltr'><strong>qua</strong></span> <span class='ocrx_word' id='word_1_60' title='bbox 453 884 506 928; x_wconf 90' lang='lat' dir='ltr'><strong>in</strong></span> <span class='ocrx_word' id='word_1_61' title='bbox 543 897 598 928; x_wconf 91' lang='lat' dir='ltr'><strong>re</strong></span> <span class='ocrx_word' id='word_1_62' title='bbox 638 897 762 944; x_wconf 90' lang='lat' dir='ltr'><strong>opus</strong></span> <span class='ocrx_word' id='word_1_63' title='bbox 803 885 848 927; x_wconf 92' lang='lat' dir='ltr'><strong>ei</strong></span> <span class='ocrx_word' id='word_1_64' title='bbox 888 880 1059 937; x_wconf 89' lang='lat' dir='ltr'><strong>fuerit,</strong></span> <span class='ocrx_word' id='word_1_65' title='bbox 1096 884 1294 928; x_wconf 88' lang='lat' dir='ltr'><strong>iuveris.</strong></span> <span class='ocrx_word' id='word_1_66' title='bbox 1369 881 1430 928; x_wconf 91' lang='lat' dir='ltr'><strong>Id</strong></span> <span class='ocrx_word' id='word_1_67' title='bbox 1469 887 1523 928; x_wconf 88' lang='lat' dir='ltr'><strong>et</strong></span> <span class='ocrx_word' id='word_1_68' title='bbox 1559 880 1682 928; x_wconf 88' lang='lat' dir='ltr'><strong>mihi</strong></span> <span class='ocrx_word' id='word_1_69' title='bbox 1719 897 1802 929; x_wconf 88' lang='lat' dir='ltr'><strong>ve·-</strong></span> 
     </span>
     <span class='ocr_line' id='line_1_10' title="bbox 313 957 1798 1021; baseline 0.001 -17"><span class='ocrx_word' id='word_1_70' title='bbox 313 957 581 1005; x_wconf 90' lang='lat' dir='ltr'><strong>hementer</strong></span> <span class='ocrx_word' id='word_1_71' title='bbox 627 965 831 1021; x_wconf 88' lang='lat' dir='ltr'><strong>gratum</strong></span> <span class='ocrx_word' id='word_1_72' title='bbox 880 961 993 1014; x_wconf 90' lang='lat' dir='ltr'><strong>erit,</strong></span> <span class='ocrx_word' id='word_1_73' title='bbox 1042 965 1096 1005; x_wconf 91' lang='lat' dir='ltr'><strong>et</strong></span> <span class='ocrx_word' id='word_1_74' title='bbox 1143 959 1235 1004; x_wconf 90' lang='lat' dir='ltr'><strong>tibi</strong></span> <span class='ocrx_word' id='word_1_75' title='bbox 1283 964 1464 1020; x_wconf 87' lang='lat' dir='ltr'><strong>postea</strong></span> <span class='ocrx_word' id='word_1_76' title='bbox 1507 957 1798 1005; x_wconf 90' lang='lat' dir='ltr'><strong>iucundum.</strong></span> 
     </span>
     <span class='ocr_line' id='line_1_11' title="bbox 315 1033 1800 1098; baseline 0.001 -18"><span class='ocrx_word' id='word_1_77' title='bbox 315 1034 587 1081; x_wconf 87' lang='lat' dir='ltr'>Hominem</span> <span class='ocrx_word' id='word_1_78' title='bbox 630 1038 763 1080; x_wconf 91' lang='lat' dir='ltr'><strong>enim</strong></span> <span class='ocrx_word' id='word_1_79' title='bbox 805 1051 1001 1081; x_wconf 89' lang='lat' dir='ltr'><strong>summa</strong></span> <span class='ocrx_word' id='word_1_80' title='bbox 1042 1035 1315 1098; x_wconf 81' lang='lat' dir='ltr'>probitate,</span> <span class='ocrx_word' id='word_1_81' title='bbox 1355 1033 1675 1082; x_wconf 84' lang='lat' dir='ltr'><strong>humanitate</strong></span> <span class='ocrx_word' id='word_1_82' title='bbox 1714 1035 1800 1081; x_wconf 91' lang='lat' dir='ltr'><strong>ob-</strong></span> 
     </span>
     <span class='ocr_line' id='line_1_12' title="bbox 316 1114 980 1176; baseline 0 -17"><span class='ocrx_word' id='word_1_83' title='bbox 316 1114 671 1175; x_wconf 87' lang='lat' dir='ltr'><strong>servantiaque</strong></span> <span class='ocrx_word' id='word_1_84' title='bbox 695 1127 980 1176; x_wconf 78' lang='lat' dir='ltr'><strong>cognosces.</strong></span> 
     </span>
    </p>
   </div>
   <div class='ocr_carea' id='block_1_3' title="bbox 972 1303 1145 1350">
    <p class='ocr_par' dir='ltr' id='par_1_4' title="bbox 972 1303 1145 1350">
     <span class='ocr_line' id='line_1_13' title="bbox 972 1303 1145 1350; baseline 0 0"><span class='ocrx_word' id='word_1_85' title='bbox 972 1303 1145 1350; x_wconf 87' lang='lat' dir='ltr'>XXIV</span> 
     </span>
    </p>
   </div>
   <div class='ocr_carea' id='block_1_4' title="bbox 829 1437 1288 1588">
    <p class='ocr_par' dir='ltr' id='par_1_5' title="bbox 829 1437 1288 1588">
     <span class='ocr_line' id='line_1_14' title="bbox 829 1437 1284 1471; baseline 0.002 -2"><span class='ocrx_word' id='word_1_86' title='bbox 829 1437 1004 1469; x_wconf 76' lang='lat' dir='ltr'><strong>CICERO</strong></span> <span class='ocrx_word' id='word_1_87' title='bbox 1038 1437 1212 1468; x_wconf 77' lang='lat' dir='ltr'>SERVIO</span> <span class='ocrx_word' id='word_1_88' title='bbox 1245 1437 1284 1471; x_wconf 84' lang='lat' dir='ltr'><strong>S.</strong></span> 
     </span>
     <span class='ocr_line' id='line_1_15' title="bbox 831 1539 1288 1588; baseline 0 -7"><span class='ocrx_word' id='word_1_89' title='bbox 831 1539 1016 1588; x_wconf 84' lang='lat' dir='ltr'><strong>Romae.</strong></span> <span class='ocrx_word' id='word_1_90' title='bbox 1037 1553 1169 1581; x_wconf 73' lang='lat' dir='ltr'>A.1J.C.</span> <span class='ocrx_word' id='word_1_91' title='bbox 1191 1542 1288 1582; x_wconf 83' lang='lat'><strong>708.</strong></span> 
     </span>
    </p>
   </div>
   <div class='ocr_carea' id='block_1_5' title="bbox 267 1643 1801 2475">
    <p class='ocr_par' dir='ltr' id='par_1_6' title="bbox 268 1643 1801 2323">
     <span class='ocr_line' id='line_1_16' title="bbox 268 1643 1801 1709; baseline -0.002 -15"><span class='ocrx_word' id='word_1_92' title='bbox 268 1653 288 1694; x_wconf 92' lang='lat'>1</span> <span class='ocrx_word' id='word_1_93' title='bbox 378 1645 506 1694; x_wconf 88' lang='lat' dir='ltr'><strong>Cum</strong></span> <span class='ocrx_word' id='word_1_94' title='bbox 541 1652 695 1693; x_wconf 89' lang='lat' dir='ltr'><strong>antea</strong></span> <span class='ocrx_word' id='word_1_95' title='bbox 729 1646 990 1708; x_wconf 86' lang='lat' dir='ltr'>capiebam</span> <span class='ocrx_word' id='word_1_96' title='bbox 1028 1661 1091 1692; x_wconf 87' lang='lat' dir='ltr'><strong>ex</strong></span> <span class='ocrx_word' id='word_1_97' title='bbox 1126 1645 1284 1692; x_wconf 88' lang='lat' dir='ltr'><strong>officio</strong></span> <span class='ocrx_word' id='word_1_98' title='bbox 1319 1660 1434 1692; x_wconf 91' lang='lat' dir='ltr'><strong>meo</strong></span> <span class='ocrx_word' id='word_1_99' title='bbox 1468 1643 1801 1709; x_wconf 82' lang='lat' dir='ltr'><strong>voluptatem,</strong></span> 
     </span>
     <span class='ocr_line' id='line_1_17' title="bbox 314 1722 1800 1786; baseline -0.001 -16"><span class='ocrx_word' id='word_1_100' title='bbox 314 1724 449 1786; x_wconf 91' lang='lat' dir='ltr'><strong>quod</strong></span> <span class='ocrx_word' id='word_1_101' title='bbox 492 1726 839 1778; x_wconf 83' lang='lat' dir='ltr'><strong>memineram,</strong></span> <span class='ocrx_word' id='word_1_102' title='bbox 883 1739 1035 1785; x_wconf 89' lang='lat' dir='ltr'><strong>quam</strong></span> <span class='ocrx_word' id='word_1_103' title='bbox 1079 1723 1171 1769; x_wconf 92' lang='lat' dir='ltr'><strong>tibi</strong></span> <span class='ocrx_word' id='word_1_104' title='bbox 1215 1722 1485 1786; x_wconf 80' lang='lat' dir='ltr'><strong>diligenter</strong></span> <span class='ocrx_word' id='word_1_105' title='bbox 1528 1722 1800 1786; x_wconf 89' lang='lat' dir='ltr'><strong>Lysonem,</strong></span> 
     </span>
     <span class='ocr_line' id='line_1_18' title="bbox 315 1798 1800 1862; baseline 0 -16"><span class='ocrx_word' id='word_1_106' title='bbox 315 1799 565 1862; x_wconf 82' lang='lat' dir='ltr'><strong>hospitem</strong></span> <span class='ocrx_word' id='word_1_107' title='bbox 594 1807 647 1846; x_wconf 92' lang='lat' dir='ltr'><strong>et</strong></span> <span class='ocrx_word' id='word_1_108' title='bbox 674 1798 971 1845; x_wconf 88' lang='lat' dir='ltr'><strong>familiarem</strong></span> <span class='ocrx_word' id='word_1_109' title='bbox 998 1815 1186 1855; x_wconf 89' lang='lat' dir='ltr'><strong>meum,</strong></span> <span class='ocrx_word' id='word_1_110' title='bbox 1213 1799 1664 1855; x_wconf 88' lang='lat' dir='ltr'><strong>commendassem,</strong></span> <span class='ocrx_word' id='word_1_111' title='bbox 1689 1807 1800 1846; x_wconf 88' lang='lat' dir='ltr'><strong>tum</strong></span> 
     </span>
     <span class='ocr_line' id='line_1_19' title="bbox 315 1876 1800 1939; baseline -0.001 -16"><span class='ocrx_word' id='word_1_112' title='bbox 315 1893 449 1932; x_wconf 87' lang='lat' dir='ltr'><strong>verO,</strong></span> <span class='ocrx_word' id='word_1_113' title='bbox 481 1883 815 1938; x_wconf 87' lang='lat' dir='ltr'><strong>posteaquam</strong></span> <span class='ocrx_word' id='word_1_114' title='bbox 849 1892 912 1922; x_wconf 86' lang='lat' dir='ltr'><strong>ex</strong></span> <span class='ocrx_word' id='word_1_115' title='bbox 944 1876 1125 1922; x_wconf 89' lang='lat' dir='ltr'><strong>litteris</strong></span> <span class='ocrx_word' id='word_1_116' title='bbox 1159 1879 1264 1921; x_wconf 89' lang='lat' dir='ltr'><strong>eius</strong></span> <span class='ocrx_word' id='word_1_117' title='bbox 1298 1879 1525 1939; x_wconf 87' lang='lat' dir='ltr'><strong>cognovi,</strong></span> <span class='ocrx_word' id='word_1_118' title='bbox 1557 1876 1649 1922; x_wconf 93' lang='lat' dir='ltr'><strong>tibi</strong></span> <span class='ocrx_word' id='word_1_119' title='bbox 1683 1892 1800 1922; x_wconf 90' lang='lat' dir='ltr'><strong>eum</strong></span> 
     </span>
     <span class='ocr_line' id='line_1_20' title="bbox 314 1951 1799 2015; baseline -0.001 -16"><span class='ocrx_word' id='word_1_120' title='bbox 314 1952 438 1999; x_wconf 84' lang='lat' dir='ltr'><strong>falso</strong></span> <span class='ocrx_word' id='word_1_121' title='bbox 460 1960 748 2015; x_wconf 89' lang='lat' dir='ltr'><strong>suspectum</strong></span> <span class='ocrx_word' id='word_1_122' title='bbox 772 1951 943 2007; x_wconf 86' lang='lat' dir='ltr'><strong>fuisse,</strong></span> <span class='ocrx_word' id='word_1_123' title='bbox 965 1951 1407 1998; x_wconf 82' lang='lat' dir='ltr'><strong>vehementissime</strong></span> <span class='ocrx_word' id='word_1_124' title='bbox 1430 1952 1649 1998; x_wconf 88' lang='lat' dir='ltr'><strong>laetatus</strong></span> <span class='ocrx_word' id='word_1_125' title='bbox 1671 1969 1799 2008; x_wconf 90' lang='lat' dir='ltr'><strong>sum,</strong></span> 
     </span>
     <span class='ocr_line' id='line_1_21' title="bbox 314 2028 1800 2091; baseline 0 -16"><span class='ocrx_word' id='word_1_126' title='bbox 314 2046 395 2075; x_wconf 90' lang='lat' dir='ltr'><strong>me</strong></span> <span class='ocrx_word' id='word_1_127' title='bbox 425 2036 531 2075; x_wconf 85' lang='lat' dir='ltr'><strong>tarn</strong></span> <span class='ocrx_word' id='word_1_128' title='bbox 561 2029 858 2091; x_wconf 80' lang='lat' dir='ltr'><strong>diligentem</strong></span> <span class='ocrx_word' id='word_1_129' title='bbox 888 2033 938 2074; x_wconf 87' lang='lat' dir='ltr'><strong>in</strong></span> <span class='ocrx_word' id='word_1_130' title='bbox 969 2045 1028 2074; x_wconf 93' lang='lat' dir='ltr'><strong>eo</strong></span> <span class='ocrx_word' id='word_1_131' title='bbox 1058 2029 1458 2075; x_wconf 84' lang='lat' dir='ltr'><strong>commendando</strong></span> <span class='ocrx_word' id='word_1_132' title='bbox 1488 2028 1654 2074; x_wconf 85' lang='lat' dir='ltr'><strong>fuisse.</strong></span> <span class='ocrx_word' id='word_1_133' title='bbox 1719 2029 1800 2075; x_wconf 92' lang='lat' dir='ltr'><strong>Ita</strong></span> 
     </span>
     <span class='ocr_line' id='line_1_22' title="bbox 314 2106 1799 2168; baseline -0.001 -16"><span class='ocrx_word' id='word_1_134' title='bbox 314 2110 448 2152; x_wconf 85' lang='lat' dir='ltr'><strong>enim</strong></span> <span class='ocrx_word' id='word_1_135' title='bbox 488 2110 683 2168; x_wconf 85' lang='lat' dir='ltr'><strong>scripsit</strong></span> <span class='ocrx_word' id='word_1_136' title='bbox 725 2107 788 2152; x_wconf 86' lang='lat' dir='ltr'><strong>ad</strong></span> <span class='ocrx_word' id='word_1_137' title='bbox 829 2122 928 2161; x_wconf 87' lang='lat' dir='ltr'><strong>mc,</strong></span> <span class='ocrx_word' id='word_1_138' title='bbox 968 2107 1060 2152; x_wconf 86' lang='lat' dir='ltr'><strong>sibi</strong></span> <span class='ocrx_word' id='word_1_139' title='bbox 1101 2122 1268 2152; x_wconf 85' lang='lat' dir='ltr'><strong>meam</strong></span> <span class='ocrx_word' id='word_1_140' title='bbox 1308 2106 1799 2159; x_wconf 86' lang='lat' dir='ltr'><strong>commendationem</strong></span> 
     </span>
     <span class='ocr_line' id='line_1_23' title="bbox 312 2170 1800 2245; baseline -0.001 -16"><span class='ocrx_word' id='word_1_141' title='bbox 312 2186 534 2229; x_wconf 86' lang='lat' dir='ltr'><strong>maximo</strong></span> <span class='ocrx_word' id='word_1_142' title='bbox 561 2182 855 2229; x_wconf 90' lang='lat' dir='ltr'><strong>adiumento</strong></span> <span class='ocrx_word' id='word_1_143' title='bbox 881 2181 1051 2238; x_wconf 88' lang='lat' dir='ltr'><strong>fuisse,</strong></span> <span class='ocrx_word' id='word_1_144' title='bbox 1079 2182 1214 2245; x_wconf 91' lang='lat' dir='ltr'><strong>quod</strong></span> <span class='ocrx_word' id='word_1_145' title='bbox 1243 2182 1306 2228; x_wconf 93' lang='lat' dir='ltr'><strong>ad</strong></span> <span class='ocrx_word' id='word_1_146' title='bbox 1332 2189 1386 2228; x_wconf 92' lang='lat' dir='ltr'><strong>te</strong></span> <span class='ocrx_word' id='word_1_147' title='bbox 1414 2181 1641 2229; x_wconf 88' lang='lat' dir='ltr'><strong>delatum</strong></span> <span class='ocrx_word' id='word_1_148' title='bbox 1667 2170 1800 2229; x_wconf 86' lang='lat' dir='ltr'><strong>dice-</strong></span> 
     </span>
     <span class='ocr_line' id='line_1_24' title="bbox 313 2257 1799 2323; baseline -0.001 -17"><span class='ocrx_word' id='word_1_149' title='bbox 313 2266 410 2315; x_wconf 88' lang='lat' dir='ltr'><strong>ret,</strong></span> <span class='ocrx_word' id='word_1_150' title='bbox 436 2275 546 2305; x_wconf 88' lang='lat' dir='ltr'><strong>sese</strong></span> <span class='ocrx_word' id='word_1_151' title='bbox 573 2266 748 2306; x_wconf 87' lang='lat' dir='ltr'><strong>contra</strong></span> <span class='ocrx_word' id='word_1_152' title='bbox 774 2259 1078 2322; x_wconf 84' lang='lat' dir='ltr'><strong>dignitatem</strong></span> <span class='ocrx_word' id='word_1_153' title='bbox 1106 2266 1248 2305; x_wconf 84' lang='lat' dir='ltr'><strong>tuam</strong></span> <span class='ocrx_word' id='word_1_154' title='bbox 1276 2258 1466 2305; x_wconf 86' lang='lat' dir='ltr'><strong>Rornae</strong></span> <span class='ocrx_word' id='word_1_155' title='bbox 1493 2258 1557 2305; x_wconf 89' lang='lat' dir='ltr'><strong>de</strong></span> <span class='ocrx_word' id='word_1_156' title='bbox 1584 2265 1637 2305; x_wconf 92' lang='lat' dir='ltr'><strong>te</strong></span> <span class='ocrx_word' id='word_1_157' title='bbox 1663 2257 1799 2323; x_wconf 87' lang='lat' dir='ltr'><strong>loqui</strong></span> 
     </span>
    </p>

    <p class='ocr_par' dir='ltr' id='par_1_7' title="bbox 267 2333 1799 2475">
     <span class='ocr_line' id='line_1_25' title="bbox 267 2333 1799 2398; baseline 0.001 -16"><span class='ocrx_word' id='word_1_158' title='bbox 267 2335 517 2382; x_wconf 83' lang='lat' dir='ltr'><strong>2solitum</strong></span> <span class='ocrx_word' id='word_1_159' title='bbox 564 2352 688 2383; x_wconf 91' lang='lat' dir='ltr'><strong>esse.</strong></span> <span class='ocrx_word' id='word_1_160' title='bbox 770 2336 850 2382; x_wconf 89' lang='lat' dir='ltr'><strong>De</strong></span> <span class='ocrx_word' id='word_1_161' title='bbox 897 2352 996 2398; x_wconf 93' lang='lat' dir='ltr'><strong>quo</strong></span> <span class='ocrx_word' id='word_1_162' title='bbox 1043 2338 1137 2382; x_wconf 88' lang='lat' dir='ltr'><strong>etsi</strong></span> <span class='ocrx_word' id='word_1_163' title='bbox 1183 2352 1272 2398; x_wconf 89' lang='lat' dir='ltr'><strong>pro</strong></span> <span class='ocrx_word' id='word_1_164' title='bbox 1319 2343 1409 2381; x_wconf 86' lang='lat' dir='ltr'><strong>tua</strong></span> <span class='ocrx_word' id='word_1_165' title='bbox 1452 2333 1697 2382; x_wconf 86' lang='lat' dir='ltr'><strong>facilitate</strong></span> <span class='ocrx_word' id='word_1_166' title='bbox 1744 2342 1799 2383; x_wconf 86' lang='lat' dir='ltr'><strong>et</strong></span> 
     </span>
     <span class='ocr_line' id='line_1_26' title="bbox 315 2411 1799 2475; baseline 0.001 -17"><span class='ocrx_word' id='word_1_167' title='bbox 315 2411 632 2459; x_wconf 85' lang='lat' dir='ltr'><strong>humanitate</strong></span> <span class='ocrx_word' id='word_1_168' title='bbox 678 2419 952 2475; x_wconf 85' lang='lat' dir='ltr'><strong>purgatum</strong></span> <span class='ocrx_word' id='word_1_169' title='bbox 998 2429 1051 2459; x_wconf 89' lang='lat' dir='ltr'><strong>se</strong></span> <span class='ocrx_word' id='word_1_170' title='bbox 1098 2413 1190 2458; x_wconf 90' lang='lat' dir='ltr'><strong>tibi</strong></span> <span class='ocrx_word' id='word_1_171' title='bbox 1236 2412 1407 2458; x_wconf 89' lang='lat' dir='ltr'><strong>scribit</strong></span> <span class='ocrx_word' id='word_1_172' title='bbox 1453 2427 1580 2466; x_wconf 88' lang='lat' dir='ltr'><strong>esse,</strong></span> <span class='ocrx_word' id='word_1_173' title='bbox 1625 2419 1799 2459; x_wconf 90' lang='lat' dir='ltr'><strong>tamen</strong></span> 
     </span>
    </p>
   </div>
   <div class='ocr_carea' id='block_1_6' title="bbox 855 2521 1008 2525">
    <p class='ocr_par' dir='ltr' id='par_1_8' title="bbox 855 2521 1008 2525">
     <span class='ocr_line' id='line_1_27' title="bbox 855 2521 1008 2525; baseline 0 0"><span class='ocrx_word' id='word_1_174' title='bbox 855 2521 1008 2525; x_wconf 95' lang='lat' dir='ltr'><strong> </strong></span> 
     </span>
    </p>
   </div>
   <div class='ocr_carea' id='block_1_7' title="bbox 893 2576 1223 2617">
    <p class='ocr_par' dir='ltr' id='par_1_9' title="bbox 893 2576 1223 2617">
     <span class='ocr_line' id='line_1_28' title="bbox 893 2576 1223 2617; baseline 0.003 -1"><span class='ocrx_word' id='word_1_175' title='bbox 893 2582 913 2602; x_wconf 83' lang='lat'><em>⁰</em></span> <span class='ocrx_word' id='word_1_176' title='bbox 943 2576 1025 2617; x_wconf 84' lang='lat' dir='ltr'><strong>See</strong></span> <span class='ocrx_word' id='word_1_177' title='bbox 1046 2579 1133 2617; x_wconf 75' lang='lat' dir='ltr'><strong>xiii.</strong></span> <span class='ocrx_word' id='word_1_178' title='bbox 1160 2580 1223 2617; x_wconf 89' lang='lat'><strong>19.</strong></span> 
     </span>
    </p>
   </div>
   <div class='ocr_carea' id='block_1_8' title="bbox 323 2647 386 2695">
    <p class='ocr_par' dir='ltr' id='par_1_10' title="bbox 323 2647 386 2695">
     <span class='ocr_line' id='line_1_29' title="bbox 323 2647 386 2695; baseline -0.063 0"><span class='ocrx_word' id='word_1_179' title='bbox 323 2647 386 2695; x_wconf 77' lang='lat'><strong>74</strong></span> 
     </span>
    </p>
   </div>
  </div>
 </body>
</html>
