1837 3029
871 184 1122 233 CICERO

250 318 340 361 nisi
396 313 616 378 Lepidus
669 314 881 377 perdere
934 318 1102 361 omnia
1153 321 1207 361 et
1258 317 1421 377 perire
1472 317 1579 378 ipse
1630 331 1745 361 cum

250 399 349 442 suis
384 399 832 458 concupivisset—‚
866 402 955 441 tua
991 397 1131 441 nobis
1168 398 1472 442 auctoritate
1507 411 1631 458 opus
1667 402 1745 442 est

250 476 314 523 ad
338 476 680 523 collocandum
707 476 926 538 aliquem
951 479 1166 522 civitatis
1191 482 1383 522 statum
1408 491 1420 531 ;
1460 478 1564 522 sive
1589 479 1745 522 etiam

250 573 381 603 nunc
414 564 673 603 certamen
708 557 956 619 reliquum
991 564 1085 611 est,
1119 560 1341 602 maxima
1372 572 1486 618 spes
1521 563 1599 603 est
1630 573 1745 603 cum

250 641 298 684 in
324 641 628 684 auctoritate
654 645 761 689 tua,
787 646 895 684 tum
922 641 972 683 in
999 641 1248 684 exercitus
1275 640 1349 684 tui
1375 637 1575 684 viribus.
1645 636 1746 683 Sed

251 735 480 781 propera,
509 735 599 781 per
627 718 746 764 deos
772 720 780 765 i
828 722 938 773 scis,
968 726 1216 780 quantum
1244 722 1309 764 sit
1336 721 1387 763 in
1414 719 1746 780 temporibus,

176 806 224 844 13
251 807 497 862 quantum
526 803 576 845 in
605 799 882 846 celeritate.
954 798 1140 845 Sol-oris
1170 806 1290 845 tuae
1321 798 1428 844 filiis
1459 814 1611 861 quarn
1640 798 1747 845 dili-

250 887 432 943 genter
470 880 743 936 consulam,
782 897 927 943 spero
966 887 1019 926 te
1059 896 1122 926 ex
1161 883 1334 927 matris
1374 886 1428 925 et
1467 895 1530 925 ex
1567 882 1745 926 sororis

251 961 431 1007 litteris
471 964 827 1024 cogniturum:
886 978 985 1024 qua
1023 964 1074 1007 in
1113 977 1264 1007 causa
1302 963 1545 1006 maiorem
1583 958 1747 1006 habeo

251 1045 498 1088 rationem
538 1050 658 1088 tuae
700 1042 989 1097 voluntatis,
1030 1058 1159 1104 quae
1199 1040 1320 1087 mihi
1359 1043 1612 1087 carissima
1651 1047 1748 1096 est,

251 1139 421 1186 quam,
450 1130 507 1169 ut
536 1122 838 1185 quibusdam
867 1122 1055 1178 videor,
1084 1125 1400 1168 constantiae
1429 1137 1574 1167 meae
1601 1137 1611 1176 ;
1657 1121 1747 1167 sed

251 1220 346 1265 ego
381 1203 515 1249 nulla
549 1207 598 1249 in
639 1220 691 1249 re
726 1203 857 1249 malo
900 1220 1052 1266 quam
1090 1205 1142 1249 in
1175 1209 1228 1250 te
1263 1202 1480 1249 amando
1514 1208 1748 1248 constans

249 1291 303 1330 et
331 1299 439 1329 esse
469 1291 520 1330 et
549 1284 719 1330 videri.

820 1558 963 1604 xxv
999 1558 1059 1617 (Ι.
1103 1559 1179 1621 16)

597 1702 652 1734 Μ.
692 1703 881 1734 BRUTUS
918 1703 954 1734 S.
993 1703 1040 1733 D.
1078 1702 1132 1734 M.
1171 1702 1401 1733 CICERONI

750 1795 801 1835 In
824 1796 992 1841 castris,
1018 1807 1150 1835 A.u.c.
1176 1797 1251 1835 711

204 1896 225 1937 l
318 1890 622 1938 Particulam
640 1890 924 1937 litterarum
942 1897 1163 1946 tuarum,
1182 1907 1304 1953 quas
1323 1891 1501 1935 misisti
1521 1888 1751 1943 Octavio,

254 1972 350 2035 legi
378 1976 579 2018 missam
605 1972 669 2017 ab
695 1973 867 2018 Attico
893 1970 1029 2017 mihi.
1100 1970 1334 2017 Studium
1359 1977 1505 2016 tuum
1530 1985 1751 2032 curaque

253 2053 316 2098 de
346 2053 508 2099 salute
538 2069 652 2098 mea
682 2053 816 2098 nulla
846 2069 926 2098 me
957 2069 1085 2098 nova
1115 2052 1376 2114 voluptate
1406 2049 1604 2105 affecit;
1651 2066 1751 2096 non

253 2133 414 2179 solum
431 2137 565 2179 enim
582 2136 845 2188 usitatum,
861 2133 950 2179 sed
968 2136 1123 2178 etiam
1140 2132 1449 2178 cotidianum
1467 2138 1544 2177 est
1561 2130 1750 2193 aliquid

254 2215 426 2260 audire
449 2214 511 2259 de
534 2222 604 2269 te,
626 2213 760 2277 quod
781 2231 870 2276 pro
892 2220 1062 2259 nostra
1083 2213 1333 2276 dignitate
1357 2211 1573 2258 fideliter
1593 2218 1748 2274 atque

255 2294 524 2340 honorifice
563 2295 746 2341 dixeris
785 2301 874 2341 aut
910 2293 1102 2340 feceris,
1174 2295 1245 2339 At
1282 2292 1470 2348 dolore,
1501 2298 1748 2355 quantum

255 2379 530 2421 maximum
552 2391 733 2437 capere
755 2378 921 2421 animo
942 2391 1161 2437 possum,
1184 2373 1364 2420 eadem
1384 2372 1468 2419 illa
1487 2389 1600 2435 pars
1623 2375 1751 2434 epis-

256 2456 392 2502 tulae
420 2459 603 2518 scripta
625 2456 688 2502 ad
715 2455 984 2502 Octavium
1004 2455 1067 2502 de
1096 2455 1235 2501 nobis
1263 2452 1446 2500 affecit.
1509 2452 1589 2499 Sic
1615 2455 1749 2497 enim

256 2537 322 2582 illi
371 2540 557 2599 gratias
601 2540 705 2599 agis
756 2536 819 2582 de
861 2552 913 2582 re
956 2536 1171 2598 publica,
1213 2542 1319 2581 tam
1360 2533 1653 2597 suppliciter
1693 2548 1749 2578 ac

255 2630 348 2673 716
