1837 3029
834 190 1084 237 CICERO

219 335 318 382 que
339 335 427 366 sex
448 318 671 381 legiones
694 326 747 365 et
767 335 952 382 magna
974 318 1175 374 auxilia,
1201 317 1406 365 Afranio
1428 326 1482 365 et
1503 318 1702 365 Petreio

219 407 445 462 ducibus,
469 405 627 452 habet
663 422 691 451 a
726 412 887 469 tergo.
958 405 1188 461 Videtur,
1223 409 1262 452 si
1297 409 1533 461 insaniet,
1557 421 1702 468 posse

219 497 466 557 opprimi3
523 493 672 540 modo
711 500 768 540 ut
807 494 930 540 urbe
969 493 1137 539 salva!
1211 493 1493 539 Maximam
1530 500 1702 540 autem

220 582 420 645 plagam
441 584 653 643 accepit,
673 581 808 644 quod
827 584 885 636 is,
905 585 990 644 qui
1009 598 1258 628 summam
1278 584 1635 628 auctoritatem
1652 584 1703 627 in

220 670 346 715 illius
382 672 608 715 exercitu
641 667 882 724 habebat,
915 669 970 715 T.
1009 669 1281 724 Labienus,
1314 672 1473 715 socius
1505 668 1703 715 sceleris

221 775 328 803 esse
349 757 508 803 noluit
532 772 543 812 ;
577 755 782 819 reliquit
800 756 938 802 illum
959 764 1012 803 et
1031 758 1287 803 nobiscum
1309 764 1387 803 est
1410 772 1422 812 ;
1456 755 1704 819 multique

174 855 199 891 5
223 847 357 892 idem
374 844 556 891 facturi
572 860 681 891 esse
697 845 947 892 dicuntur.
983 845 1093 908 Ego
1111 844 1273 892 adhuc
1290 860 1406 891 orae
1422 847 1704 891 maritimae

220 950 453 996 praesum
495 949 525 979 a
567 933 790 979 Formiis.
851 932 1056 979 Nullum
1097 936 1257 979 maius
1299 935 1561 995 negotium
1602 948 1705 979 sus-

218 1026 385 1084 cipere
418 1020 567 1076 volui,
591 1037 690 1083 quo
723 1020 833 1083 plus
864 1021 998 1083 apud
1034 1020 1173 1066 illum
1208 1037 1354 1066 meae
1389 1019 1593 1067 litterae
1626 1036 1706 1067 co-

220 1109 633 1171 hortationesque
668 1109 731 1155 ad
764 1124 941 1170 pacem
976 1108 1217 1154 valerent.
1285 1107 1371 1154 Sin
1405 1115 1577 1154 autem
1611 1111 1707 1154 erit

220 1196 425 1251 bellum,
462 1196 607 1242 video
643 1211 725 1241 me
761 1199 935 1241 castris
973 1202 1027 1241 et
1062 1199 1211 1241 certis
1247 1195 1528 1258 legionibus
1564 1211 1707 1258 prae·

221 1284 463 1331 futurum.
522 1282 702 1329 Habeo
729 1286 883 1329 etiam
907 1282 1043 1328 illam
1069 1282 1371 1338 molestiam,
1397 1283 1532 1346 quod
1557 1282 1707 1329 Dola-

222 1372 354 1419 bella
377 1379 548 1418 noster
571 1371 706 1433 apud
729 1370 998 1417 Caesarem
1023 1378 1115 1417 est.
1174 1370 1316 1417 Haec
1339 1372 1431 1418 tibi
1455 1378 1577 1417 nota
1600 1387 1708 1417 esse

222 1460 388 1515 volui3
449 1475 580 1522 quae
622 1474 743 1505 cave
787 1475 850 1504 ne
894 1465 947 1505 te
990 1460 1293 1521 perturbent
1337 1466 1390 1506 et
1431 1459 1711 1521 impediant

176 1548 567 1595 fivaletudinem
613 1554 772 1593 tuam.
853 1546 964 1610 Ego
1011 1547 1073 1593 A.
1122 1546 1351 1602 Varroni,
1398 1563 1550 1610 quem
1597 1563 1709 1593 cum

225 1639 625 1684 amantissimum
669 1637 769 1681 mei
814 1638 1042 1698 cognovi,
1087 1641 1199 1681 tum
1245 1638 1400 1681 etiam
1446 1633 1590 1681 valde
1636 1637 1710 1681 tui

225 1725 522 1778 studiosum,
545 1722 929 1786 diligentissime
952 1730 1007 1769 te
1031 1723 1397 1777 commendavi,
1422 1729 1479 1770 ut
1504 1730 1557 1769 et
1581 1722 1711 1768 vale-

226 1813 412 1859 tudinis
456 1819 576 1858 tuae
619 1814 869 1857 rationem
911 1809 1126 1857 haberet
1169 1817 1223 1857 et
1265 1813 1616 1874 navigationis,
1659 1817 1712 1857 et

225 1908 393 1948 totum
416 1906 470 1946 te
494 1901 772 1961 susciperet
797 1914 853 1944 ac
876 1905 1109 1945 tueretur
1131 1913 1143 1953 ;
1185 1914 1338 1960 quem
1362 1901 1530 1945 omnia
1552 1897 1713 1945 factu-

226 2005 336 2036 rum
371 1987 582 2034 confido.
650 1986 864 2048 Recepit
898 1989 1050 2041 enim,
1085 1993 1139 2032 et
1172 2002 1371 2032 mecum
1405 1985 1600 2033 locutus
1635 1994 1713 2033 est

227 2079 533 2123 suavissime.
599 2074 694 2130 Tu,
727 2091 841 2121 cum
877 2090 937 2121 eo
971 2081 1201 2137 tempore
1236 2090 1434 2120 mecum
1471 2090 1579 2120 esse
1612 2090 1713 2120 non

228 2166 454 2227 potuisti,
482 2179 581 2226 quo
611 2179 706 2226 ego
733 2165 953 2209 maxime
982 2178 1188 2225 operam
1217 2168 1271 2208 et
1300 2161 1600 2208 fidelitatem
1628 2162 1714 2209 de-

228 2253 442 2298 sideravi
474 2258 635 2306 tuam,
670 2267 789 2297 cave
825 2249 1035 2306 festines
1070 2256 1159 2296 aut
1193 2253 1499 2305 committas,
1533 2257 1591 2296 ut
1626 2257 1714 2296 aut

230 2356 383 2402 aeger
408 2346 496 2385 aut
520 2338 686 2384 hieme
712 2341 932 2401 naviges.
994 2337 1281 2400 Numquam
1306 2353 1417 2383 sero
1441 2344 1495 2383 te
1520 2340 1714 2384 venisse

405 2483 422 2499 ‘³
453 2477 502 2517 T.
529 2476 750 2516 Labienus
771 2489 859 2516 was
878 2475 1135 2516 afterwards
1155 2474 1266 2515 slain
1287 2479 1333 2515 at
1357 2474 1544 2516 Munda.

266 2532 282 2556 ⁶
314 2531 488 2572 Caesar.
685 2536 699 2554 ⁶
734 2530 817 2570 For
837 2530 923 2570 this
946 2530 1086 2570 Varro
1107 2542 1178 2570 see
1200 2533 1300 2570 note
1318 2542 1345 2568 a
1365 2543 1424 2569 on
1445 2530 1532 2570 xiii.
1555 2532 1623 2570 22.
1650 2534 1686 2572 1.

240 2596 333 2645 346
