1837 3029
822 187 1070 235 CICERO

888 358 1008 404 XIV

343 505 396 536 M.
432 505 478 536 T.
515 505 555 536 C.
595 506 700 535 Im).
739 504 775 534 S.
814 504 856 534 Ρ.
897 504 941 533 D.
979 503 1019 534 C.
1057 503 1217 533 CASSIO
1252 499 1550 537 PROQUAEST.

584 606 653 646 Ad
676 619 774 645 aras
797 604 1050 652 Alexandri,
1072 617 1204 645 A.U.c.
1226 606 1322 644 703.

157 729 174 767 1
271 722 341 768 M.
367 722 576 767 Fadium
597 721 731 784 quod
756 719 875 766 mihi
902 723 1117 766 amicum
1138 727 1226 766 tua
1251 718 1689 765 commendatione

203 789 308 842 das,
337 789 527 834 nullum
556 793 605 833 in
635 805 694 834 eo
723 787 850 833 facio
879 795 1163 850 quaestum.
1229 786 1379 832 Multi
1410 790 1543 831 enim
1573 787 1689 831 anni

202 863 337 910 sunt,
371 873 485 902 cum
527 855 608 901 ille
650 859 700 900 in
736 871 852 901 aere
893 870 1008 901 meo
1044 861 1141 910 est,
1182 861 1236 900 et
1277 870 1306 900 a
1340 868 1422 899 me
1465 852 1689 915 diligitur

203 930 409 984 propter
425 939 673 969 summam
690 922 1063 969 humanitatem
1081 928 1134 968 et
1150 921 1538 967 observantiam.
1588 917 1690 966 Sed

203 997 394 1045 tamen,
435 990 571 1053 quod
612 990 675 1035 ab
717 1005 777 1036 eo
818 996 872 1036 te
913 991 1118 1052 egregie
1159 987 1298 1050 diligi
1339 989 1489 1041 sensi,
1528 985 1689 1032 multo

203 1060 406 1102 amicior
422 1060 468 1103 ei
484 1073 596 1104 sum
611 1055 790 1102 factus.
842 1055 1025 1118 Itaque
1042 1071 1351 1118 quamquam
1365 1052 1690 1116 profecerunt

203 1123 404 1170 litterae
432 1131 572 1180 tuae,
599 1130 774 1170 tamen
807 1122 1065 1186 aliquanto
1096 1121 1206 1184 plus
1239 1121 1689 1168 commendationis

204 1192 339 1252 apud
357 1207 438 1237 me
458 1190 637 1237 habuit
655 1194 850 1236 animus
868 1193 1022 1252 ipsius
1043 1206 1163 1252 erga
1182 1196 1235 1235 te
1254 1187 1375 1234 mihi
1395 1194 1689 1250 perspectus

153 1263 177 1302 2
203 1265 256 1303 et
288 1262 535 1321 cognitus.
601 1257 702 1304 Sed
727 1258 790 1304 de
825 1257 981 1304 Fadio
1013 1255 1255 1302 faciemus
1287 1255 1511 1302 studiose
1558 1269 1689 1316 quae

203 1341 384 1387 rogas3
445 1332 503 1371 tu
545 1324 716 1370 multis
761 1325 825 1372 de
868 1327 1028 1371 causis
1073 1323 1254 1370 vellem
1297 1338 1379 1368 me
1423 1324 1689 1368 convenire

203 1395 470 1453 potuisses,
493 1395 729 1454 primum,
754 1399 811 1438 ut
835 1398 908 1446 te,
931 1407 1084 1453 quem
1108 1390 1297 1436 iamdiu
1321 1389 1520 1451 plurimi
1544 1387 1692 1443 facio,

204 1466 348 1505 tanto
379 1458 642 1504 intervallo
674 1459 931 1513 viderem;
966 1458 1168 1512 deinde,
1200 1464 1257 1503 ut
1287 1458 1398 1511 tibi,
1429 1455 1564 1518 quod
1595 1453 1689 1500 feci

205 1542 294 1586 per
313 1525 528 1580 litteras,
547 1542 747 1587 possem
767 1541 1005 1587 praesens
1026 1523 1268 1588 gratulari
1292 1539 1303 1578 3
1337 1530 1466 1577 tum,
1488 1530 1561 1578 ut,
1584 1524 1691 1584 qui-

204 1594 296 1638 bus
330 1593 394 1639 de
428 1594 577 1639 rebus
612 1592 871 1647 vellemus,
905 1599 959 1638 tu
996 1596 1113 1647 tuis,
1149 1608 1244 1654 ego
1277 1594 1402 1636 meis
1436 1593 1569 1636 inter
1601 1604 1691 1635 nos

204 1663 687 1706 communicaremus
710 1675 721 1714 ;
756 1667 1029 1721 postremo,
1047 1666 1102 1704 ut
1120 1661 1340 1704 amicitia
1356 1664 1544 1711 nostra,
1560 1671 1691 1718 quae

205 1731 411 1772 summis
434 1727 603 1773 officiis
630 1728 692 1773 ab
719 1734 933 1788 utroque
959 1725 1095 1773 culta
1121 1733 1215 1780 est,
1241 1725 1329 1770 sed
1353 1725 1514 1787 longis
1539 1726 1692 1769 inter-

206 1793 343 1840 vallis
370 1801 658 1856 temporum
683 1797 1022 1855 interruptam
1050 1792 1468 1839 consuetudinem
1496 1790 1692 1844 habuit,

268 1958 287 1977 ⁰
317 1953 494 1994 Cassius
515 1952 602 1992 had
623 1953 734 1992 been
754 1956 961 2004 quaestor
979 1956 1024 1992 to
1045 1951 1242 1998 Crassus,
1263 1951 1376 1991 after
1394 1949 1540 1990 whose
1557 1948 1691 1989 death

212 2007 265 2047 hc
286 2006 580 2047 commanded
602 2007 721 2046 what
741 2006 964 2047 remained
987 2007 1038 2046 of
1053 2006 1127 2046 the
1151 2006 1325 2045 Roman
1346 2017 1473 2055 army
1495 2006 1539 2043 in
1562 2002 1693 2054 Syria

211 2074 258 2101 as
288 2066 574 2113 proquaestor
606 2067 902 2112 propraetore.
964 2060 1256 2111 Proquaestor
1290 2071 1378 2098 was
1412 2058 1484 2098 the
1517 2057 1609 2097 title
1646 2057 1696 2096 of

214 2115 285 2155 the
309 2120 509 2167 quaestor
537 2116 587 2155 of
610 2115 683 2154 the
708 2117 911 2166 previous
935 2128 1039 2166 year
1064 2114 1161 2153 who
1187 2111 1380 2153 retained
1413 2111 1478 2151 his
1503 2113 1691 2163 position

212 2170 404 2209 between
433 2169 507 2208 the
535 2171 777 2220 expiration
808 2169 858 2208 of
887 2168 951 2207 his
981 2181 1078 2206 own
1118 2172 1227 2206 term
1266 2165 1316 2206 of
1350 2165 1473 2206 office
1501 2165 1590 2205 and
1619 2164 1692 2204 the

215 2222 373 2262 arrival
395 2222 444 2261 of
461 2222 534 2262 the
556 2236 649 2262 new
669 2227 881 2273 quaestor.
945 2222 1107 2273 Again,
1131 2220 1166 2260 if
1191 2221 1264 2260 the
1293 2232 1510 2269 governor
1528 2217 1607 2258 left
1626 2218 1692 2258 his

216 2278 433 2326 province,
466 2276 519 2316 he
549 2275 723 2326 usually
750 2275 979 2327 delegated
1010 2275 1076 2315 his
1106 2286 1272 2326 powers
1300 2277 1345 2313 to
1373 2273 1449 2313 the
1477 2272 1692 2325 quaestor.

216 2330 312 2369 who
351 2343 438 2370 was
474 2329 578 2370 then
608 2329 789 2370 entitled
819 2334 1019 2381 quaestor
1056 2329 1124 2378 (or
1161 2340 1210 2368 as
1248 2327 1364 2374 here,
1388 2327 1693 2378 proquaestor)

213 2388 503 2434 propraetore.
578 2383 647 2423 He
688 2382 891 2423 defeated
933 2382 1007 2422 the
1051 2381 1283 2421 Parthians
1321 2379 1461 2420 under
1502 2379 1692 2420 Pacorus

216 2438 361 2477 before
386 2436 575 2477 Antioch
595 2437 657 2486 (ii.
686 2441 748 2477 10.
771 2438 815 2483 2)
837 2437 921 2476 this
943 2449 1049 2488 year
1070 2435 1176 2485 (51).

275 2491 291 2514 ⁶
327 2491 388 2530 M.
410 2490 571 2530 Fadius
591 2490 760 2536 Gallus.
780 2495 822 2530 to
840 2491 981 2530 whom
1004 2489 1155 2528 cicero
1172 2486 1406 2527 addressed
1429 2486 1543 2538 Ερρ.
1564 2489 1693 2526 9:3-»26

217 2547 260 2584 in
286 2544 368 2584 Bk.
396 2544 497 2585 VII.

220 2608 314 2655 ⁶256
