1837 3029
896 172 1149 220 CICERO

273 304 524 347 rationem
569 300 888 347 sacerdotum
933 303 1145 347 comitiis
1190 317 1334 363 posse
1379 300 1554 348 haberi
1577 317 1589 357 ;
1651 318 1766 348 nam

275 372 432 414 etiam
456 367 648 414 factum
674 375 751 414 est
775 376 928 414 antea
952 385 962 414 t
1007 368 1160 414 Gaius
1184 372 1317 414 enim
1346 369 1554 423 Marius,
1578 386 1693 416 cum
1716 373 1766 416 in

276 435 596 498 Cappadocia
621 442 772 490 esset,
798 435 910 497 lege
938 435 1164 481 Domitia
1186 435 1348 482 factus
1375 443 1453 482 est
1477 452 1654 499 augur,
1674 453 1766 483 nec

276 519 375 565 quo
395 507 557 549 minus
577 503 626 548 id
647 510 824 564 postea
844 502 1034 557 liceret,
1055 503 1154 548 ulla
1172 503 1253 548 lex
1273 506 1439 549 sanxit
1463 519 1475 558 ;
1513 511 1591 549 est
1610 507 1764 550 etiam

275 570 388 630 lege
425 570 567 624 Iulia,
601 586 731 632 quae
765 570 847 615 lex
881 577 958 615 est
991 570 1054 616 de
1087 570 1378 616 sacerdotiis
1412 574 1657 632 proxima,
1690 570 1764 616 his

275 638 454 692 verbis,
481 653 562 688 Qvl
595 652 751 682 PETET
783 652 982 682 cvlvst
1017 653 1164 682 RATIO
1199 653 1497 684 HABEmTvn.
1569 639 1764 700 Aperte

274 704 548 750 indicatum
576 721 721 766 posse
746 707 995 750 rationem
1022 703 1194 750 haberi
1221 721 1320 751 non
1345 707 1583 766 petentis.
1653 705 1765 751 Hac

273 772 337 817 de
363 788 415 817 re
441 775 611 833 scripsi
637 772 702 817 ad
727 788 861 826 eum,
887 778 944 817 ut
968 779 1057 817 tuo
1082 772 1262 818 iudicio
1288 779 1535 827 uteretur,
1560 775 1688 818 sicut
1713 776 1763 818 in

274 840 422 885 rebus
448 840 696 893 omnibus,
723 840 814 885 tibi
841 846 1014 884 autem
1039 839 1369 885 statuendum
1397 846 1475 885 est
1499 839 1563 886 de
1591 839 1763 885 Domi-

272 910 361 961 tio,
401 906 465 952 de
506 907 698 952 Catone
738 913 939 961 nostro;
995 907 1083 952 sed
1122 910 1347 968 quamvis
1385 906 1503 952 licet
1539 907 1761 953 absentis

272 976 521 1020 rationem
555 972 747 1028 haberi,
772 981 947 1019 tamen
971 977 1139 1019 omnia
1168 981 1286 1019 sunt
1315 975 1666 1035 praesentibus
1691 973 1764 1020 fa-

273 1041 454 1087 ciliora.
501 1039 650 1098 Quod
669 1044 710 1087 si
734 1044 972 1087 statueris
993 1044 1044 1086 in
1064 1042 1237 1087 Asiam
1257 1042 1350 1087 tibi
1371 1041 1611 1096 eundum,
1627 1041 1762 1088 nulla

220 1115 247 1153 4
273 1112 367 1154 erit
395 1108 459 1154 ad
484 1111 689 1154 comitia
713 1115 907 1154 nostros
929 1108 1212 1154 arcessendi
1232 1107 1460 1154 facultas.
1524 1108 1761 1155 Omnino¹

272 1175 434 1222 Pansa
458 1179 567 1222 vivo
592 1176 830 1222 celeriora
855 1179 1022 1221 omnia
1046 1176 1350 1237 putabamus
1376 1191 1387 1231 ;
1428 1179 1603 1222 statim
1627 1179 1762 1222 enim

269 1242 515 1306 collegam
555 1244 649 1289 sibi
689 1244 1080 1306 subrogavisset,
1121 1243 1305 1290 deinde
1348 1249 1468 1290 ante
1508 1247 1762 1306 praetoria

269 1311 589 1356 sacerdotum
642 1313 844 1356 comitia
896 1309 1110 1356 fuissent
1134 1327 1146 1356 t
1216 1326 1348 1356 nunc
1399 1326 1490 1372 per
1542 1314 1762 1373 auspicia

271 1378 472 1441 longam
498 1395 690 1423 moram
717 1378 861 1424 video
887 1394 897 1432 3
942 1378 1063 1423 dum
1090 1381 1225 1423 enim
1251 1394 1377 1424 unus
1404 1381 1500 1424 erit
1525 1381 1762 1440 patricius

269 1449 611 1507 magistratus,
639 1449 860 1506 auspicia
894 1445 958 1491 ad
991 1453 1161 1507 patres
1191 1445 1354 1491 redire
1386 1461 1487 1491 non
1516 1453 1725 1507 possunt
1751 1462 1761 1491 :

269 1529 453 1575 magna
473 1530 593 1558 sane
614 1514 945 1574 perturbatio.
1015 1512 1107 1567 Tu,
1127 1519 1239 1558 tota
1257 1512 1321 1559 de
1340 1528 1395 1559 re
1415 1513 1536 1574 quid
1555 1516 1762 1563 sentias,

269 1580 417 1625 velim
447 1597 527 1625 me
555 1579 708 1626 facias
737 1583 1018 1626 certiorem.
1090 1595 1163 1625 111.
1204 1579 1372 1626 Nonas
1403 1579 1582 1626 Maias.

327 1687 340 1710 ¹
373 1686 574 1728 facultas.
651 1685 846 1727 Omnino
889 1687 1032 1728 Pansa
1077 1687 1258 1728 Purser.
1333 1685 1521 1728 facultas
1565 1689 1758 1728 omnino.

271 1740 417 1780 Pansa
440 1741 613 1793 Tyrrell
634 1742 724 1781 ancl
744 1741 926 1783 Purser.

325 1861 346 1880 ⁰
376 1857 416 1895 A
439 1855 522 1895 law
545 1856 595 1895 of
613 1856 790 1902 Caesar,
813 1859 890 1895 not
911 1856 1141 1895 otherwise
1163 1854 1343 1896 known.

329 1908 346 1934 δ
376 1911 457 1951 Cn.
481 1910 704 1949 Domitius
727 1910 1069 1956 Ahenobarbum
1091 1910 1246 1950 consul
1268 1912 1311 1950 in
1334 1912 1388 1951 32
1412 1923 1493 1951 ιο.

329 1968 344 1988 ⁶
379 1963 443 2004 M.
473 1963 652 2004 Porcius
677 1963 803 2010 Cato,
828 1978 907 2004 son
933 1965 983 2004 of
1004 1964 1114 2004 Cato
1139 1966 1190 2004 of
1213 1964 1357 2012 Utica,
1381 1963 1471 2004 and
1496 1963 1760 2005 brother-in-

266 2017 350 2058 law
372 2019 422 2057 of
442 2017 620 2058 Brutus.

325 2071 345 2096 ‘¹
377 2071 423 2112 If
447 2071 534 2112 this
567 2071 655 2111 had
690 2071 939 2123 happened,
971 2072 1045 2111 the
1077 2076 1308 2124 corporate
1338 2073 1579 2124 patricians
1610 2070 1755 2112 would

260 2130 308 2165 at
337 2138 446 2166 once
478 2125 590 2165 have
618 2126 873 2166 nominated
905 2140 962 2165 an
988 2128 1190 2174 interrex,
1217 2126 1317 2166 who
1343 2125 1490 2166 would
1520 2126 1632 2167 have
1656 2139 1759 2166 con-

265 2179 405 2220 vened
427 2179 500 2220 the
520 2179 723 2220 electoral
742 2179 966 2231 assernbly
984 2182 1028 2220 in
1049 2180 1173 2232 place
1191 2181 1242 2221 of
1255 2180 1330 2221 the
1346 2179 1560 2221 deceased
1578 2179 1746 2221 consul.

261 2619 362 2661 654(
