1837 3029
879 184 1128 232 CICERO

256 330 483 360 occurras
536 316 767 377 negotiis.
837 314 1015 377 Neque
1068 317 1201 361 enim
1254 315 1496 364 eiusmodi
1547 323 1743 379 partem

256 393 559 456 reipublicae
594 397 743 457 geris,
778 397 828 439 in
863 411 964 457 qua
997 393 1200 441 fortuna
1233 395 1538 452 dominetur,
1571 397 1660 443 sed
1693 400 1742 442 in

255 490 354 536 qua
395 473 662 536 plurimum
706 477 833 521 ratio
877 478 1032 536 possit
1075 482 1128 522 et
1168 475 1445 539 diligentia.
1514 476 1663 535 Quod
1702 478 1740 522 si

255 554 364 609 tibi,
410 553 597 600 bellum
645 553 846 617 aliquod
893 573 1132 619 magnum
1181 564 1233 602 et
1278 555 1611 619 periculosum
1657 556 1742 603 ad-

253 637 576 690 ministranti,
634 642 959 697 prorogatum
1019 639 1284 698 imperium
1344 637 1584 692 viderem,
1641 643 1741 683 tre-

253 731 442 760 merem
463 718 645 769 animo,
664 716 799 778 quod
818 716 996 762 eodem
1017 723 1244 779 tempore
1265 733 1373 763 esse
1391 716 1739 781 intellegerem

203 801 227 837 5
254 797 407 840 etiam
433 793 666 841 fortunae
691 803 1003 857 potestatem
1023 800 1072 842 in
1093 814 1180 842 nos
1206 804 1544 860 prorogatam.
1596 796 1740 842 Nunc

254 891 368 920 vero
392 890 452 921 ea
474 892 588 938 pars
611 876 701 922 tibi
726 876 1030 939 reipublicae
1053 880 1314 924 commissa
1339 884 1433 932 est,
1456 880 1506 922 in
1530 893 1630 939 qua
1651 882 1740 921 aut

253 954 455 1010 nullam,
497 963 586 1002 aut
626 959 956 1020 perexiguam
997 964 1195 1019 partem
1238 955 1441 1003 fortuna
1481 963 1644 1012 tenet,
1686 963 1739 1002 et

251 1051 380 1097 quae
411 1035 532 1082 mihi
563 1043 673 1083 tota
702 1039 753 1083 in
784 1044 874 1084 tua
905 1041 1091 1084 virtute
1123 1055 1180 1084 ac
1210 1038 1557 1084 moderatione
1587 1038 1738 1083 animi

250 1119 414 1177 posita
466 1133 574 1164 esse
627 1118 872 1164 videatur.
942 1118 1131 1174 Nullas,
1183 1126 1242 1165 ut
1292 1121 1484 1181 opinor,
1535 1117 1738 1164 insidias

250 1194 487 1251 hostium,
535 1197 721 1243 nullam
771 1198 928 1260 proeli
976 1199 1369 1254 dimicationem,
1417 1197 1605 1245 nullam
1652 1197 1738 1242 de-

251 1274 522 1323 fectionem
555 1281 817 1333 sociorum,
837 1278 1023 1325 nullam
1049 1282 1268 1341 inopiam
1304 1279 1524 1342 stipendi
1555 1284 1644 1324 aut
1667 1278 1735 1323 rei

249 1355 628 1414 frumentariae,
688 1359 875 1405 nullam
941 1360 1242 1407 seditionem
1311 1362 1561 1406 exercitus
1626 1374 1736 1420 per-

249 1440 573 1494 timescimus,
606 1456 736 1502 quae
772 1457 1016 1502 persaepe
1052 1443 1431 1502 sapientissimis
1465 1442 1577 1486 viris
1611 1442 1736 1486 acci-

249 1518 452 1575 derunt,
480 1526 554 1575 ut,
582 1521 1009 1583 quemadmodum
1038 1522 1403 1584 gubernatores
1431 1523 1609 1582 optimi
1638 1522 1735 1565 vim

249 1604 587 1662 tempestatis,
619 1604 687 1648 sic
719 1601 786 1647 illi
819 1600 1053 1648 fortunae
1085 1605 1333 1665 impetum
1366 1617 1603 1664 superare
1637 1616 1735 1646 non

246 1688 467 1741 possent.
534 1681 643 1727 Tibi
687 1682 809 1728 data
850 1690 929 1729 est
969 1699 1164 1729 summa
1205 1699 1322 1745 pax,
1364 1697 1560 1729 summa
1600 1686 1735 1727 tran-

247 1760 465 1822 quillitas
489 1777 500 1817 3
536 1765 608 1808 ita
626 1770 816 1818 tamen,
835 1770 892 1809 ut
911 1779 971 1809 ea
988 1763 1324 1810 dormientem
1341 1763 1733 1827 gubernatorem

199 1847 223 1885 6
249 1841 325 1887 vel
346 1843 575 1898 obruere,
598 1843 891 1907 vigilantem
913 1847 1067 1890 etiam
1090 1843 1344 1891 delectare
1365 1846 1537 1906 possit.
1607 1841 1734 1888 Con-

247 1929 351 1968 stat
370 1926 502 1968 cuim
522 1940 583 1970 ea
600 1927 852 1985 provincia
869 1928 1085 1986 primum
1105 1941 1167 1971 ex
1188 1941 1247 1971 eo
1265 1940 1454 1988 genere
1472 1926 1735 1977 sociorum,

247 2003 381 2065 quod
412 2010 490 2050 est
520 2019 582 2050 ex
614 2004 872 2051 hominurn
902 2008 1037 2052 omni
1066 2021 1254 2069 genere
1285 2004 1734 2057 humanissimum3

249 2082 432 2129 deinde
461 2100 522 2130 ex
551 2101 610 2131 eo
637 2101 825 2148 genere
851 2088 1050 2140 civium,
1077 2088 1162 2149 qui
1190 2091 1296 2141 aut,
1323 2084 1458 2148 quod
1484 2082 1734 2146 publicani

247 2170 383 2218 sunt,
412 2181 500 2210 nos
529 2181 725 2212 summa
753 2166 1124 2213 necessitudine
1155 2169 1434 2229 attingunt,
1464 2171 1570 2219 aut,
1600 2162 1734 2226 quod

248 2246 319 2289 ita
349 2248 692 2306 negotiantur,
722 2253 780 2293 ut
809 2246 1085 2308 locupletes
1115 2249 1232 2301 sint,
1263 2248 1420 2293 nostri
1448 2243 1734 2291 consulatus

249 2323 492 2371 beneflcio
527 2342 579 2372 se
616 2326 887 2372 incolumes
924 2326 1150 2372 fortunas
1186 2327 1372 2373 habere
1409 2326 1733 2372 arbitrantur.

753 2532 772 2552 ⁰
803 2529 884 2567 Sec
910 2532 1007 2567 note
1030 2543 1054 2567 (ι
1076 2542 1131 2567 on
1155 2532 1173 2574 ξ
1197 2531 1235 2568 22.

258 2596 352 2643 392
