1868 3040
900 204 1151 251 CICERO

281 341 337 380 et
379 350 631 380 summum
676 333 889 379 officium
936 349 1234 395 summaque
1279 333 1616 389 observantia,
1658 340 1767 381 tum

281 420 450 468 studia
479 420 563 468 illa
594 427 782 476 nostra,
815 420 995 483 quibus
1028 427 1180 466 antea
1213 420 1610 477 delectabamur,
1639 439 1770 470 nunc

283 512 437 556 etiam
479 511 703 554 vivimus.
779 507 928 566 Quod
968 507 1217 570 reiiquum
1260 515 1355 563 est,
1395 508 1543 555 velim
1583 526 1771 573 augeas

281 603 372 643 tua
402 599 452 642 in
486 612 602 642 eum
634 595 881 642 beneficia
912 596 1143 642 omnibus
1175 596 1343 651 rebus,
1375 612 1506 659 quae
1537 603 1592 643 te
1623 604 1773 644 erunt

284 684 496 747 dignae3
521 683 610 730 sed
628 683 727 730 duo
745 683 950 745 quidem
968 690 1021 730 te
1040 686 1337 730 nominatim
1355 700 1504 747 rogo:
1537 687 1773 747 primum,

283 779 357 826 ut,
385 774 424 818 si
453 771 574 834 quid
601 771 948 818 satisdandum
980 774 1092 826 erit,
1120 787 1332 818 AMPmus
1363 787 1423 818 Eo
1451 787 1647 819 NOMINE
1674 788 1772 820 NON

285 874 416 914 PETl,
439 875 601 914 cures,
626 866 683 905 ut
706 859 981 906 satisdetur
1006 859 1104 905 fide
1129 876 1243 905 mea
1267 874 1278 914 3
1320 859 1653 915 deinde,cum
1667 859 1775 908 fere

283 949 525 993 consistat
557 945 812 993 hereditas
843 950 895 992 in
928 950 984 992 iis
1018 947 1184 1002 rebus,
1217 964 1341 1009 quas
1376 950 1560 994 avertit
1592 948 1776 1010 Oppia,

285 1051 415 1097 quae
455 1052 578 1080 uxor
620 1034 781 1080 Mindi
820 1033 933 1088 fuit,
973 1035 1195 1089 adiuves,
1232 1038 1473 1097 ineasque
1510 1039 1776 1092 rationem,

284 1122 713 1185 quemadmodum
738 1139 795 1168 ea
818 1121 997 1167 mulier
1019 1122 1229 1168 Romam
1252 1123 1572 1184 perducatur.
1629 1123 1777 1181 Quod

285 1213 324 1256 si
363 1213 555 1271 putarit
592 1209 673 1254 illa
712 1208 836 1264 fore,
875 1217 933 1256 ut
970 1213 1137 1271 opinio
1175 1217 1345 1256 nostra
1384 1218 1479 1265 est,
1516 1214 1777 1273 negotium

286 1296 621 1343 conficiemus,
704 1297 813 1343 Hoc
859 1304 915 1344 ut
962 1314 1306 1359 assequamur,
1351 1305 1403 1344 te
1450 1297 1780 1346 vehementer

238 1391 263 1430 3
288 1387 442 1431 etiam
476 1391 631 1445 atque
667 1387 821 1429 etiam
855 1401 990 1447 rogo.
1061 1384 1207 1439 Illud,
1241 1385 1375 1446 quod
1408 1401 1559 1446 supra
1589 1389 1778 1448 scripsi,

286 1471 337 1518 id
368 1474 419 1517 in
451 1487 534 1517 me
566 1474 770 1532 recipio,
804 1478 856 1517 te
892 1487 968 1526 ea,
1003 1488 1133 1533 quae
1166 1470 1329 1517 fecisti
1367 1472 1580 1518 Mescini
1611 1489 1778 1529 causa,

287 1574 521 1622 quaeque
583 1557 778 1613 feceriS,
837 1561 909 1604 ita
967 1559 1098 1604 bene
1146 1557 1522 1614 collocaturum,
1569 1566 1628 1606 ut
1670 1563 1778 1623 ipse

287 1646 493 1700 iudices,
526 1643 715 1691 homini
748 1652 801 1691 te
834 1648 1138 1708 gratissimo,
1170 1646 1526 1692 iucundissimo
1558 1647 1778 1710 benigne

288 1732 480 1779 fecisse.
550 1731 673 1778 Volo
709 1735 860 1788 enim,
896 1732 960 1780 ad
993 1733 1062 1788 id,
1097 1733 1233 1796 quod
1266 1749 1383 1779 mea
1414 1749 1566 1780 causa
1597 1732 1779 1792 fecisti,

289 1818 382 1867 hoc
407 1822 561 1866 etiam
587 1818 843 1866 accedere.

904 2009 1163 2057 XXVIIIB

805 2145 980 2175 emeno
1014 2145 1188 2175 ssnvm
1221 2144 1259 2176 s.

809 2235 993 2283 Romae,
1015 2250 1146 2277 A.U.C.
1170 2239 1266 2277 708.

245 2358 264 2399 1
355 2352 462 2399 Nec
505 2351 931 2398 Lacedaemonios
975 2353 1208 2399 dubitare
1252 2353 1481 2408 arbitror,
1524 2356 1645 2416 quin
1683 2357 1775 2418 ipsi

291 2456 382 2486 sua
439 2443 785 2501 maiorumque
844 2456 1046 2486 suorum
1107 2442 1411 2487 auctoritate
1468 2443 1590 2487 satis
1646 2458 1779 2489 com·

291 2527 519 2574 mendati
553 2530 656 2574 sint
690 2527 806 2574 fidei
844 2534 898 2574 et
931 2530 1155 2574 iustitiae
1191 2534 1330 2582 tuae,
1366 2533 1421 2574 et
1455 2542 1570 2592 ego,
1605 2531 1691 2592 qui
1724 2537 1780 2578 te

302 2603 365 2651 86
