1837 3029
872 188 1122 236 CICERO

255 341 520 389 generum,
553 325 773 369 maxime
809 320 1026 366 testibus
1061 317 1334 373 laeditur¹3
1369 320 1741 366 accusatoribus

256 401 588 465 frigidissimis
633 401 829 451 utitur;
891 395 1151 442 consilium
1197 398 1424 450 varium3
1486 400 1743 458 quaesitor

257 482 422 543 gravis
472 483 525 524 et
574 476 743 521 firmus
794 472 987 528 Alfius3
1055 472 1325 534 Pompeius
1371 471 1646 519 vehemens
1691 476 1742 519 in

258 556 504 602 iudicibus
522 552 773 615 rogandis.
842 550 977 608 Quid
994 548 1222 595 futurum
1241 551 1325 605 sit,
1343 552 1511 597 nescio
1534 564 1546 605 ;
1579 549 1743 597 locum

258 640 433 679 tamen
466 630 531 676 illi
567 633 617 675 in
649 631 856 675 civitate
890 644 989 674 non
1022 627 1184 673 video·
1252 626 1491 673 Animum
1524 628 1745 690 praebeo

261 710 324 756 ad
359 709 488 755 illius
522 708 797 769 perniciem
831 704 1171 759 moderatum,
1206 704 1269 750 ad
1303 720 1470 750 rerum
1505 711 1745 751 eventurn

211 796 236 832 4
259 787 586 833 lenissimum.
653 783 827 829 Habes
854 780 962 828 fere
989 781 1054 828 de
1081 781 1313 828 omnibus
1340 782 1506 828 rebus.
1574 781 1746 829 Unum

260 864 383 910 illud
416 862 616 909 addam.
685 859 860 906 Cicero
893 865 1011 905 tuus
1045 864 1319 920 nosterque
1352 875 1548 905 summo
1579 859 1748 906 studio

264 948 342 987 cst
371 939 559 986 Paeoni
587 940 661 984 sui
690 936 923 991 rhetoris,
951 934 1184 990 hominis,
1211 937 1405 997 opinor,
1432 935 1578 983 valde
1607 952 1749 983 exer-

262 1020 406 1064 citati
439 1023 491 1063 et
522 1017 656 1062 boni.
725 1013 826 1060 Sed
858 1020 1085 1059 nostrum
1116 1012 1414 1059 instituendi
1446 1029 1608 1076 genus
1639 1030 1748 1060 esse

263 1093 432 1158 paullo
462 1093 707 1139 eruditius
736 1098 789 1137 et
819 1089 1140 1149 θετικώτερον,
1166 1106 1267 1136 non
1295 1092 1511 1153 ignoras.
1579 1090 1748 1149 Quare

265 1188 431 1235 neque
453 1187 547 1234 ego
566 1168 798 1231 impediri
818 1167 1071 1214 Ciceronis
1089 1169 1187 1213 iter
1207 1173 1362 1229 atque
1381 1166 1517 1213 illam
1535 1167 1750 1231 discipli-

265 1266 380 1295 nam
401 1247 530 1302 volo,
546 1253 599 1292 et
618 1249 724 1308 ipse
744 1261 870 1307 puer
888 1246 1049 1307 magis
1072 1243 1155 1290 illo
1179 1243 1539 1291 declamatorio
1561 1261 1749 1308 genere

265 1327 380 1373 duci
406 1332 460 1371 et
484 1323 727 1371 delectari
752 1322 968 1369 videtur.
1037 1320 1097 1366 In
1122 1337 1222 1383 quo
1248 1324 1484 1383 quoniam
1510 1324 1602 1384 ipsi
1629 1340 1750 1385 quo-

265 1419 364 1466 que
404 1401 609 1456 fuimus,
647 1402 902 1462 patiamur
939 1397 1078 1444 illum
1118 1400 1192 1444 ire
1233 1400 1415 1444 nostris
1451 1401 1749 1456 itineribus;

266 1480 446 1527 eodem
502 1480 636 1524 enim
690 1482 1054 1539 perventurum
1109 1491 1219 1521 esse
1272 1474 1585 1522 confidimus.
1650 1477 1750 1526 Sed

266 1565 458 1611 tamen,
492 1558 531 1601 si
565 1554 824 1600 nobiscum
859 1569 976 1599 eum
1009 1569 1092 1598 rus
1126 1551 1295 1615 aliquo
1328 1552 1670 1610 eduxerimus,
1699 1559 1750 1602 in

264 1633 394 1680 hanc
434 1639 658 1679 nostram
698 1633 948 1676 rationem
987 1629 1511 1692 consuetudinemque
1547 1631 1752 1680 induce·

266 1728 393 1757 mus.
464 1709 658 1772 Magna
684 1710 819 1754 enim
846 1708 989 1753 nobis
1018 1723 1047 1752 a
1072 1713 1126 1752 te
1153 1709 1413 1769 proposita
1437 1723 1630 1755 merces
1656 1717 1752 1766 est,

266 1804 418 1850 quam
452 1793 592 1833 certe
625 1791 797 1831 nostra
829 1784 979 1846 culpa
1009 1800 1288 1846 numquam
1320 1786 1486 1830 minus
1517 1800 1753 1849 asseque-

268 1881 394 1911 mur.
463 1864 658 1921 Quibus
687 1866 736 1908 in
764 1862 882 1908 locis
911 1868 966 1907 et
992 1878 1093 1923 qua
1120 1877 1208 1923 spe
1237 1860 1550 1908 hiematurus
1577 1865 1661 1919 sis,
1688 1865 1752 1912 ad

267 1959 349 1989 nie
373 1958 523 2006 quam
549 1939 934 2002 diligentissime
957 1939 1143 1984 scribas
1166 1937 1332 1984 velim.
1400 1937 1540 1986 Vale.

698 2046 713 2070 ¹
747 2046 956 2098 Aladviy:
988 2045 1188 2086 caeditur
1213 2044 1276 2086 M.

330 2200 348 2218 ⁰
381 2195 461 2235 Sec
482 2194 587 2242 (3.19.
609 2195 664 2233 iii.
691 2198 724 2232 l.
745 2197 811 2231 [Η.

337 2249 352 2271 ⁶
381 2252 649 2297 θετικώτερον,
679 2245 922 2298 belonging
957 2245 1104 2285 rather
1134 2249 1179 2285 to
1209 2244 1281 2284 the
1313 2246 1519 2296 province
1549 2247 1600 2287 of
1633 2250 1751 2296 θέσις,

277 2301 421 2343 which
451 2302 604 2342 Cicero
634 2300 798 2340 defines
820 2300 943 2351 (Top.
967 2299 1042 2349 79)
1061 2311 1109 2338 as
1130 2312 1158 2338 a
1176 2297 1422 2339 discussion
1450 2300 1501 2339 of
1524 2313 1551 2339 a
1573 2302 1751 2353 general

276 2370 325 2396 or
353 2356 548 2396 abstract
578 2353 807 2406 principle,
831 2366 878 2393 as
904 2351 1101 2405 opposed
1122 2356 1169 2392 to
1189 2355 1389 2398 ὑπόθεσις.
1410 2352 1485 2392 the
1508 2353 1751 2397 discussion

275 2411 329 2451 of
343 2423 370 2450 a
389 2407 629 2472 particular
649 2420 761 2447 case.

336 2469 351 2489 ⁶
379 2476 465 2509 me„
488 2461 720 2512 Quintus's
741 2459 966 2513 gratitude
986 2458 1076 2500 and
1097 2458 1328 2500 enhanced
1349 2458 1571 2501 affection.

1675 2143 1747 2150 —.

272 2593 368 2636 580
