1837 3029
839 160 1089 207 CICERO

219 303 348 341 sum,
390 294 447 333 ut
488 290 537 333 in
579 304 669 333 sua
710 290 813 334 vita
854 287 1196 334 conservanda
1236 290 1452 349 primum
1493 300 1706 349 regnare

219 377 435 423 disceret
460 392 471 431 3
516 394 543 422 a
571 378 750 439 quibus
777 381 1116 439 perspexisset
1141 378 1234 423 sibi
1261 377 1462 423 insidias
1487 382 1706 438 paratas,

219 469 269 512 in
297 484 381 512 eos
410 474 639 512 uteretur
664 470 771 513 iure
798 471 937 530 regio
961 483 972 522 ;
1016 484 1181 529 poena
1205 468 1428 513 afficeret
1454 482 1556 521 eos,
1582 481 1706 528 quos

220 573 424 602 necesse
466 563 634 610 esset3
691 556 908 619 reliquos
948 564 1090 603 metu
1129 557 1402 612 liberaret3
1457 555 1705 619 praesidio

219 649 470 692 exercitus
494 650 591 691 mei
616 646 679 693 ad
702 663 893 702 eorum,
916 651 999 709 qui
1023 651 1072 693 in
1095 647 1240 709 culpa
1265 654 1451 701 essent,
1472 649 1702 692 timorem

218 740 404 798 potius,
424 753 576 798 quam
598 738 662 783 ad
682 741 1061 784 contentionem
1084 745 1315 784 uteretur
1339 753 1349 792 ;
1387 736 1493 783 fore
1515 743 1706 790 autem,

219 833 275 872 ut
304 843 496 881 omneS,
525 843 638 872 cum
671 827 1163 874 senatusconsultum
1197 835 1421 882 nossent,
1443 825 1706 888 intellege-

216 923 349 970 rent,
385 933 466 962 me
506 921 631 980 regi,
667 920 706 963 si
745 935 869 980 opus
911 924 1062 973 esset,
1099 935 1160 964 ex
1199 921 1502 964 auctoritate
1538 923 1705 963 vestra

169 1013 193 1050 8
216 1007 466 1067 praesidio
501 1006 744 1053 futurum.
817 1008 897 1054 Ita
933 1009 1228 1054 confirmato
1265 1007 1364 1063 illo,
1402 1024 1463 1054 ex
1503 1023 1562 1053 eo
1597 1006 1704 1052 loco

217 1103 381 1142 castra
429 1100 578 1152 movi,
620 1100 717 1143 iter
763 1101 813 1143 in
861 1097 1083 1144 Ciliciam
1131 1097 1297 1144 facere
1344 1100 1558 1153 institui,
1590 1113 1702 1143 cum

218 1184 311 1232 hac
347 1190 581 1248 opinione
620 1203 648 1233 e
686 1187 1004 1250 Cappadocia
1042 1189 1372 1244 discederem,
1409 1195 1467 1234 ut
1502 1186 1704 1234 consilio

220 1284 403 1331 vestro,
425 1294 542 1323 casu
564 1277 842 1324 incredibili
866 1295 922 1324 ac
945 1295 1108 1340 paene
1132 1279 1316 1334 divino,
1337 1295 1530 1342 regem,
1552 1294 1703 1340 quem

219 1380 303 1412 vos
327 1366 826 1414 honorificentissime
852 1368 1216 1431 appellassetis,
1240 1369 1374 1415 nullo
1396 1367 1704 1430 postulante,

218 1473 472 1519 quemque
489 1474 634 1504 meae
654 1458 769 1504 fidei
785 1459 1250 1514 commendassetis,
1267 1466 1320 1505 et
1335 1462 1474 1505 cuius
1488 1457 1703 1505 salutem

218 1563 435 1609 magnae
483 1549 621 1594 vobis
668 1564 817 1594 curae
865 1565 974 1595 esse
1021 1549 1387 1604 decrevissetis,
1432 1565 1574 1595 meus
1619 1549 1705 1595 ad-

219 1644 400 1683 ventus
432 1639 785 1700 praesentibus
816 1639 1006 1685 insidiis
1037 1639 1279 1686 liberarit.
1343 1639 1493 1697 Quod
1525 1639 1589 1686 ad
1620 1655 1705 1686 vos

219 1743 249 1773 a
278 1743 359 1773 me
389 1729 535 1774 scribi
564 1745 663 1774 non
694 1728 912 1775 alienum
941 1733 1135 1791 putavi,
1163 1737 1221 1776 ut
1247 1729 1613 1793 intellegeretis
1642 1746 1705 1775 ex

218 1819 294 1871 iis,
332 1834 462 1880 quae
500 1834 664 1880 paene
703 1819 1013 1875 acciderunt,
1049 1836 1134 1866 vos
1171 1819 1331 1866 multo
1368 1827 1507 1875 ante,
1543 1836 1607 1865 ne
1646 1837 1706 1865 ea

220 1908 525 1963 acciderent,
574 1909 882 1970 providisse3
950 1926 1112 1972 eoque
1161 1927 1246 1956 vos
1293 1910 1563 1956 studiosius
1609 1907 1705 1956 feci

219 2000 476 2053 certiores,
513 1999 648 2061 quod
685 2002 736 2044 in
773 2016 893 2062 rege
932 2001 1272 2046 Ariobarzane
1311 2017 1371 2046 ea
1408 1999 1528 2045 mihi
1563 2003 1706 2063 signa

221 2088 391 2133 videor
420 2091 637 2144 virtutis,
666 2092 855 2153 ingeni,
893 2090 1026 2144 fidei,
1059 2090 1546 2153 benevolentiaeque
1585 2107 1707 2153 erga

221 2194 304 2224 vos
345 2183 680 2241 perspexisse,
723 2187 780 2226 ut
821 2197 920 2226 non
960 2184 1067 2226 sine
1108 2197 1258 2227 causa
1298 2187 1497 2227 tantam
1535 2197 1703 2227 curam

218 2268 636 2332 diligentiamque
675 2273 725 2316 in
765 2274 871 2317 eius
909 2287 995 2318 vos
1032 2270 1249 2317 salutem
1286 2272 1557 2318 videamini
1591 2288 1703 2318 con-

217 2359 406 2406 tulisse.

228 2563 322 2604 242
