1837 3029
847 139 1096 186 CICERO

227 269 412 317 clamor
438 287 466 316 a
493 274 672 316 nostris
699 269 979 332 (placuerat
1006 271 1138 314 enini
1167 267 1353 314 referre
1379 267 1635 331 gratiani),
1661 273 1716 313 ut

228 364 393 410 neque
414 355 586 394 mente
609 363 772 409 neque
793 345 964 409 lingua
986 362 1149 408 neque
1171 362 1254 391 ore
1276 347 1589 391 consisteret.
1643 343 1717 390 Ea

232 441 309 469 res
342 432 453 470 acia
487 431 579 471 esf.
612 441 723 469 cuin
757 422 877 468 liora
909 438 972 468 vi.
1005 426 1085 468 xix
1122 422 1386 484 Pompeius
1418 427 1717 484 perorasset,

233 518 389 563 usqne
424 502 486 546 ad
521 500 690 545 horam
725 516 850 549 vin..
884 517 993 545 euni
1030 503 1194 544 omnia
1228 498 1514 553 maledicta,
1548 514 1716 544 versus

231 581 381 623 etiam
407 579 743 623 obscenissimi
769 580 815 621 in
840 576 1065 622 (s'lodiuni
1092 584 1143 622 eb
1165 575 1390 622 Clodiam
1412 575 1715 622 dicerentur.

233 654 321 700 Ille
346 653 515 700 furens
539 661 592 700 et
616 657 882 716 exsanguis
907 653 1253 715 interrogabat
1275 669 1406 708 suos,
1428 655 1477 698 in
1502 651 1716 698 clamore

230 734 352 792 ipso,
382 734 491 793 quis
522 738 672 786 esset,
702 734 786 793 qui
816 730 1017 792 plebem
1047 729 1179 775 fame
1211 736 1430 776 necaret.
1494 727 1716 790 Respon-

229 808 421 854 debant
448 824 649 870 operae,
676 807 702 823 ‘⁴
730 806 1048 869 Ponipeius.”
1109 806 1231 864 Quis
1259 805 1618 852 Alexandriam
1644 807 1715 850 ire

229 892 453 946 cuperet.
531 884 944 947 Respondebant,
988 883 1015 900 “
1042 882 1361 946 Ponipeius.'’
1437 882 1602 941 Quem
1645 884 1716 927 irc

232 961 432 1009 vellent.
491 961 903 1024 Respondebant,
927 960 953 977 ‘⁸
979 960 1265 1008 Crassum.”
1321 959 1369 1007 Is
1392 960 1568 1007 aderat
1589 966 1715 1013 tum,

233 1038 409 1085 Miloni
439 1043 604 1085 animo
633 1057 731 1086 non
760 1042 933 1085 arnico.
997 1039 1134 1085 Hora
1161 1037 1267 1084 fere
1295 1053 1379 1094 1X.,
1407 1039 1548 1100 quasi
1576 1039 1715 1099 signo

230 1116 367 1171 dato,
411 1116 636 1163 Clodiani
683 1124 877 1163 nostros
920 1124 1220 1178 consputare
1263 1121 1554 1177 coeperunt.
1618 1112 1716 1159 Ex-

232 1197 352 1240 arsit
372 1194 524 1240 dolor.
578 1194 772 1257 Urgere
794 1193 877 1247 illi,
899 1201 956 1240 ut
975 1193 1082 1240 loeo
1100 1210 1187 1239 nos
1205 1198 1482 1239 moverent.
1535 1191 1715 1237 Factus

232 1278 309 1317 est
341 1287 369 1316 a
402 1274 581 1317 nostris
618 1274 872 1333 impetns;
922 1269 1041 1333 fuga
1075 1287 1354 1332 operarum.
1411 1269 1615 1315 Eiectus
1652 1267 1715 1314 de

230 1351 400 1394 rostris
424 1347 624 1395 Clodius
649 1363 659 1403 ;
701 1365 758 1395 ac
782 1365 869 1394 nos
893 1364 1093 1410 quoque
1118 1355 1226 1394 turn
1250 1346 1486 1410 fugimus,
1509 1362 1573 1391 ne
1597 1344 1715 1407 quid

231 1429 280 1471 in
324 1426 486 1472 turba.
565 1424 780 1472 Senatus
825 1432 1028 1472 vocatus
1072 1428 1122 1470 in
1165 1428 1352 1471 curiam
1376 1439 1388 1480 ;
1449 1422 1714 1484 Pompeius

232 1503 451 1549 domurn.
524 1503 703 1566 Neque
753 1519 847 1566 ego
896 1510 1069 1549 tamen
1118 1505 1168 1548 in
1216 1508 1467 1556 senatum,
1515 1516 1578 1546 ne
1627 1505 1716 1545 aut

231 1580 294 1626 de
322 1583 475 1627 tantis
502 1581 650 1626 rebus
677 1587 917 1635 tacerem,
939 1587 1026 1626 aut
1052 1583 1101 1625 in
1129 1579 1368 1641 Pompeio
1394 1576 1715 1625 defendendo

232 1658 368 1718 (nam
398 1660 437 1703 is
466 1658 768 1719 carpebatur
798 1674 824 1702 a
855 1657 1048 1712 Bibulo,
1079 1657 1311 1711 Curione,
1343 1656 1577 1710 Favonio,
1607 1652 1715 1700 Ser-

233 1734 345 1780 vilio
368 1734 485 1796 filio)
514 1738 703 1780 animos
729 1736 971 1780 bonorum
1000 1737 1211 1779 virorum
1240 1733 1562 1780 offenderem.
1618 1730 1714 1776 Res

232 1815 280 1857 in
300 1818 556 1873 posterum
577 1811 731 1858 dilata
753 1819 843 1857 est.
899 1811 1098 1857 Clodius
1119 1815 1166 1856 in
1187 1809 1460 1868 Quirinalia
1480 1809 1713 1871 produxit

182 1899 205 1937 3
231 1889 380 1935 (lieni.
444 1889 505 1934 A.
533 1889 580 1935 d.
608 1905 694 1935 vu.
725 1889 800 1935 Id.
829 1889 972 1934 Febr.
1001 1896 1205 1934 senatus
1236 1889 1298 1934 ad
1330 1886 1572 1948 Apollinis
1601 1883 1713 1939 fuit,

232 1973 289 2012 ut
318 1965 584 2027 Pompeius
615 1966 830 2013 adesset.
895 1967 1025 2012 Aeta
1054 1983 1130 2012 res
1162 1973 1238 2011 est
1266 1968 1487 2028 graviter
1514 1980 1543 2009 a
1572 1962 1714 2008 Poni-

232 2046 359 2105 peio.
426 2044 499 2089 1⁴30
531 2043 611 2089 die
645 2042 764 2089 nihil
796 2042 1077 2105 perfectum
1112 2049 1202 2089 est.
1270 2043 1330 2088 A.
1363 2042 1410 2088 d.
1444 2056 1509 2086 vl.
1546 2039 1618 2086 Id.
1653 2039 1714 2085 ad

292 2207 310 2226 ⁰
344 2203 428 2242 For
466 2203 551 2243 this
592 2202 825 2255 rendering
863 2203 995 2254 (from
1036 2203 1116 2243 lost
1156 2206 1200 2243 to
1238 2200 1541 2252 coztntenance)
1583 2199 1601 2240 1
1641 2212 1713 2239 ani

237 2255 443 2296 indcbied
465 2261 510 2296 io
530 2256 712 2308 'l'yrrelL

297 2310 312 2333 ⁶
346 2310 569 2361 February
598 2314 658 2350 17.

297 2368 311 2386 ⁶
345 2364 413 2403 Hc
443 2377 530 2403 was
561 2363 777 2415 probably
805 2363 947 2404 afraid
977 2368 1022 2404 to
1051 2368 1171 2404 enter
1203 2364 1343 2403 Rome
1371 2375 1427 2403 on
1455 2364 1642 2402 account
1669 2358 1717 2400 of

236 2417 310 2458 the
333 2417 471 2457 niobs.
528 2418 566 2457 It
590 2431 676 2457 was
700 2422 775 2457 not
797 2417 983 2458 because
1006 2418 1060 2457 he
1083 2417 1182 2457 held
1206 2417 1453 2468 imperium,
1476 2429 1524 2456 as
1547 2415 1601 2455 lie
1626 2413 1712 2454 had

236 2470 415 2522 already
437 2471 612 2511 entered
638 2471 777 2512 Rome
798 2476 843 2511 to
864 2471 1002 2523 speak
1023 2471 1092 2511 for
1116 2470 1227 2511 Milo
1247 2471 1286 2522 (§
1305 2472 1366 2520 2).

235 2542 329 2583 488
