1837 3029
851 189 1103 237 CICERO

235 331 536 379 semperque
553 316 747 373 fecerit,
767 334 876 364 esse
892 317 1165 373 hominem,
1181 321 1264 381 qui
1280 321 1498 382 ignoret,
1513 318 1720 364 arbitror

238 405 508 450 neminem.
586 404 778 451 Domus
804 412 892 451 tua
918 405 1137 468 (lenique
1163 412 1272 452 tota
1293 423 1373 453 me
1399 420 1599 468 semper
1623 420 1725 451 om-

238 490 383 537 nibus
402 495 607 537 summis
626 493 794 539 officiis
815 500 1081 554 prosecuta
1101 501 1193 540 est.
1263 493 1440 556 Neque
1462 509 1578 540 vero
1599 498 1656 540 tu
1677 493 1724 537 in

238 594 319 624 me
339 577 595 642 diligendo
615 583 847 642 cuiquam
869 584 1155 627 concessisti
1176 588 1393 627 tuorum.
1437 580 1606 638 Quare
1627 595 1656 625 a
1674 585 1726 624 te

238 672 359 726 peto
381 669 430 711 in
456 670 696 713 maiorem
721 669 944 723 modum,
968 676 1025 714 ut
1049 685 1129 715 me
1153 685 1243 730 per
1264 675 1319 715 te
1343 685 1495 730 quarn
1519 668 1727 714 ornatis-

237 755 417 798 simum
453 753 572 799 velis
607 771 734 810 esse,
768 772 1035 818 meamque
1072 763 1124 802 et
1156 759 1206 802 in
1240 755 1604 818 supplicatione
1637 752 1722 800 de-

235 841 506 896 cernenda,
546 849 599 888 et
637 845 686 888 in
727 847 907 889 ceteris
948 845 1096 890 rebus
1136 847 1564 891 existimationem
1602 844 1724 889 satis

236 928 328 974 tibi
355 944 463 975 esse
487 931 894 979 commendatam
919 939 1086 995 putes.

942 1220 1018 1268 XI

427 1340 484 1373 Μ.
518 1341 564 1373 Τ.
600 1343 641 1374 C.
681 1344 786 1374 IMP.
824 1345 860 1375 S.
899 1345 942 1375 P.
982 1345 1027 1376 D.
1065 1345 1105 1376 C.
1144 1345 1397 1375 MMUELLO
1431 1343 1530 1375 COS·

775 1447 914 1494 Tarsi,
938 1463 1067 1488 Α.υ.ς.
1092 1452 1187 1488 704.

189 1553 208 1594 1
300 1549 535 1608 Quantae
575 1568 723 1598 curae
763 1553 855 1599 tibi
894 1570 1036 1599 meus
1075 1552 1230 1600 honos
1270 1551 1440 1608 fuerit,
1479 1558 1534 1599 et
1571 1560 1723 1615 quarn

236 1637 371 1683 idem
394 1642 648 1685 exstiteris
670 1640 840 1687 consul
861 1644 911 1686 in
933 1657 1014 1687 me
1037 1625 1260 1688 ornando
1283 1648 1335 1688 et
1357 1625 1723 1703 amplificando,

236 1728 321 1786 qui
353 1724 520 1772 fueras
550 1743 751 1790 semper
781 1745 893 1774 cum
926 1730 1221 1790 parentibus
1253 1732 1352 1775 tuis
1385 1735 1439 1775 et
1468 1744 1582 1775 cum
1614 1734 1724 1774 tota

236 1812 403 1867 domo,
444 1817 536 1859 etsi
577 1831 656 1860 res
695 1818 803 1878 ipsa
842 1815 1161 1879 loquebatur,
1199 1819 1408 1880 cognovi
1447 1823 1620 1863 tamen
1660 1831 1722 1860 ex

237 1916 464 1946 meorum
499 1905 721 1949 omnium
755 1903 952 1950 litteris.
1022 1905 1204 1967 Itaque
1239 1904 1359 1950 nihil
1394 1911 1472 1951 est
1504 1910 1723 1958 tantum,

238 1988 372 2049 quod
409 2005 503 2051 ego
541 2007 639 2036 non
677 1998 765 2037 tua
800 2009 951 2038 causa
986 1993 1221 2048 debeam,
1261 1991 1588 2054 facturusque
1631 1994 1722 2037 sim

189 2081 213 2118 2
238 2091 350 2120 cum
394 2077 616 2123 studiose
659 2085 769 2124 tum
812 2078 1043 2125 libenter.
1114 2079 1243 2125 Nam
1285 2083 1454 2143 magni
1494 2081 1723 2132 interest,

237 2165 315 2207 cui
343 2162 530 2210 debeas
554 2181 565 2219 ;
610 2166 797 2212 debere
825 2174 998 2214 autem
1026 2171 1213 2214 nemini
1239 2167 1410 2223 malui,
1436 2184 1589 2230 quam
1614 2167 1723 2221 tibi,

237 2253 316 2295 cui
364 2267 445 2297 me
497 2269 610 2298 curn
662 2254 830 2300 studia
872 2258 1174 2310 communia,
1215 2254 1461 2301 beneficia
1509 2260 1723 2316 paterna

237 2343 428 2400 tuaque
474 2342 572 2384 iam
621 2347 740 2386 ante
785 2345 1169 2397 coniunxerant,
1212 2349 1323 2388 tum
1370 2342 1566 2389 accedit
1608 2355 1723 2387 mea

238 2425 440 2486 quidem
467 2431 723 2474 sententia
747 2433 1021 2475 niaximum
1049 2429 1317 2485 vinculum,
1342 2429 1477 2492 quod
1500 2431 1571 2476 ita
1595 2445 1722 2475 rem-

237 2512 486 2573 publicam
521 2518 654 2578 geris
687 2523 842 2579 atque
875 2521 1092 2580 gessisti,
1125 2534 1225 2580 qua
1257 2516 1379 2564 mihi
1410 2519 1570 2564 carius
1602 2515 1723 2563 nihil

244 2592 337 2638 278
