1837 3029
870 202 1119 249 CICERO

254 344 575 392 persequare,
627 330 871 377 conficias.
942 331 1068 394 Ego,
1113 348 1225 377 cum
1279 330 1487 377 Romam
1537 347 1733 386 venero,

256 404 444 451 nullum
507 410 911 468 praetermittam
976 408 1200 454 Caesaris
1263 407 1596 463 tabellarium,
1658 411 1734 454 cui

255 481 448 529 litteras
473 484 535 530 ad
559 490 611 530 te
635 501 733 530 non
756 485 888 531 dem.
947 484 1037 530 His
1061 485 1237 532 diebus
1261 485 1527 548 (ignosces)
1551 488 1628 531 eui
1652 485 1735 531 da-

256 575 379 615 rem,
401 559 495 606 fuit
518 578 666 608 nemo
688 569 806 608 ante
828 561 959 608 hunc
984 562 1055 608 M.
1080 562 1290 618 Orfium,
1313 566 1536 626 equitem
1559 562 1736 608 Roma-

256 653 392 692 num,
417 644 641 684 nostrum
667 646 719 686 et
741 642 1186 702 pernecessarium,
1211 647 1263 686 et
1287 639 1421 702 quod
1445 646 1522 686 est
1545 656 1607 686 ex
1632 656 1736 686 mu-

255 717 434 777 nicipio
471 715 725 773 Atellano,
756 717 891 779 quod
923 720 1015 764 scis
1045 733 1154 764 esse
1183 720 1234 763 in
1268 717 1365 764 fide
1391 723 1575 763 nostra.
1637 716 1737 763 Ita-

254 807 352 853 que
384 808 499 838 eum
529 794 621 839 tibi
651 795 948 841 commendo
979 797 1028 840 in
1058 798 1296 841 maiorem
1329 795 1551 850 modum,
1582 793 1737 840 homi-

253 885 369 914 nem
409 870 541 916 domi
582 870 916 933 splendidum,
956 875 1234 935 gratiosum
1275 875 1429 919 etiam
1470 878 1615 918 extra
1653 871 1738 918 do-

252 962 389 992 mum
413 961 425 1002 3
466 964 617 1010 quem
640 946 718 995 fae
742 955 799 996 ut
824 956 910 995 tua
933 949 1236 996 liberalitate
1260 949 1352 996 tibi
1385 948 1590 1013 obliges.
1646 948 1739 995 Est

254 1025 484 1071 tribunus
514 1024 730 1072 militum
759 1029 809 1072 in
840 1030 1064 1073 exercitu
1095 1033 1278 1074 nostro.
1342 1026 1556 1073 Gratum
1584 1024 1738 1072 homi-

254 1117 369 1147 nem
387 1102 842 1167 observantemque
862 1120 1146 1168 cognosces.
1205 1104 1499 1151 Trebatium
1519 1109 1577 1151 ut
1595 1102 1738 1150 valde

252 1194 407 1235 ames,
432 1178 761 1228 vehementer
784 1187 837 1228 te
861 1199 997 1245 rogo.

950 1383 1075 1431 XVA

635 1527 689 1560 Μ.
726 1529 899 1559 melino
933 1529 972 1561 S.
1009 1530 1056 1561 D.
1094 1529 1137 1566 Q.
1176 1528 1359 1562 FRATRI

780 1642 962 1691 Romae,
985 1656 1117 1684 A.u.c.
1140 1645 1236 1684 700.

317 1757 376 1803 A.
412 1756 458 1803 d.
493 1772 557 1803 lv.
594 1757 719 1803 Non.
756 1758 883 1813 Iun.‚
915 1775 1013 1821 quo
1046 1758 1127 1805 die
1160 1758 1372 1805 Romam
1405 1761 1535 1815 veni,
1570 1760 1738 1821 accepi

255 1841 366 1880 tuas
392 1833 603 1889 litteras,
624 1835 768 1881 datas
789 1834 1077 1882 Placentiae
1099 1852 1108 1882 ε
1146 1836 1329 1883 deinde
1357 1835 1539 1883 alteras
1560 1839 1738 1898 postri-

255 1911 353 1966 die,
401 1912 546 1958 datas
593 1911 935 1968 Blandenone,
983 1929 1097 1959 cum
1145 1912 1372 1960 Caesaris
1418 1912 1617 1969 litteris,
1663 1929 1739 1960 re-

253 1986 394 2035 fertis
433 1992 567 2035 omni
605 1989 779 2044 officio,
818 1989 1097 2053 diligentia,
1135 1993 1402 2038 suavitate.
1475 1989 1604 2037 Sunt
1641 1993 1739 2036 ist-a

255 2066 458 2128 quidem
495 2083 697 2130 magna,
735 2066 813 2113 vel
850 2071 1017 2130 potius
1053 2071 1288 2114 maxima.
1360 2067 1568 2114 Habent
1605 2070 1737 2114 enim

255 2146 352 2189 vim
380 2161 615 2207 magnam
645 2144 707 2190 ad
735 2144 943 2207 gloriam
973 2151 1026 2191 et
1053 2145 1117 2192 ad
1144 2161 1390 2191 summam
1418 2145 1734 2209 dignitatem.

315 2330 334 2348 ‘¹
364 2324 446 2365 See
468 2325 590 2365 Fam.
614 2327 700 2365 xiii.
736 2329 773 2366 7.
803 2330 837 2366 1.

318 2377 334 2402 θ
366 2379 414 2420 C.
450 2379 681 2420 Trebatius
714 2379 859 2428 Testa,
896 2379 1086 2421 Cicero's
1121 2379 1284 2432 lawyer
1319 2379 1475 2428 friend,
1511 2384 1557 2421 to
1592 2379 1735 2421 whom

257 2431 310 2472 he
331 2435 463 2473 wrote
483 2432 607 2473 Fam.
630 2435 701 2473 vii.
724 2435 839 2482 6-532,
862 2433 960 2474 who
982 2448 1068 2475 was
1091 2448 1189 2474 now
1208 2435 1383 2486 serving
1405 2434 1507 2474 with
1529 2433 1735 2484 Quintus,

256 2485 397 2526 under
419 2486 594 2534 Caesar,
618 2488 660 2526 in
682 2486 812 2527 Gaul.

316 2545 331 2563 ⁶
363 2541 402 2580 A
425 2544 542 2581 town
565 2554 670 2580 near
692 2540 916 2581 Placentia
937 2542 979 2581 in
1002 2541 1223 2594 Cisalpine
1245 2540 1376 2583 Gaul.

258 2608 352 2652 530
