<?xml version="1.0" encoding="UTF-8"?>
<!DOCTYPE html PUBLIC "-//W3C//DTD XHTML 1.0 Transitional//EN"
    "http://www.w3.org/TR/xhtml1/DTD/xhtml1-transitional.dtd">
<html xmlns="http://www.w3.org/1999/xhtml" xml:lang="en" lang="en">
 <head>
  <title>
</title>
<meta http-equiv="Content-Type" content="text/html;charset=utf-8" />
  <meta name='ocr-system' content='tesseract 3.04.00' />
  <meta name='ocr-capabilities' content='ocr_page ocr_carea ocr_par ocr_line ocrx_word'/>
</head>
<body>
  <div class='ocr_page' id='page_1' title='image "./letterstohisfrie03ciceuoft_0096.png"; bbox 0 0 1868 3040; ppageno 0'>
   <div class='ocr_carea' id='block_1_1' title="bbox 872 201 1123 248">
    <p class='ocr_par' dir='ltr' id='par_1_1' title="bbox 872 201 1123 248">
     <span class='ocr_line' id='line_1_1' title="bbox 872 201 1123 248; baseline 0.004 -1"><span class='ocrx_word' id='word_1_1' title='bbox 872 201 1123 248; x_wconf 79' lang='lat' dir='ltr'><strong>CICERO</strong></span> 
     </span>
    </p>
   </div>
   <div class='ocr_carea' id='block_1_2' title="bbox 252 330 1746 793">
    <p class='ocr_par' dir='ltr' id='par_1_2' title="bbox 252 330 1746 793">
     <span class='ocr_line' id='line_1_2' title="bbox 253 330 1745 391; baseline 0.003 -16"><span class='ocrx_word' id='word_1_2' title='bbox 253 334 433 391; x_wconf 71' lang='lat' dir='ltr'>negavi</span> <span class='ocrx_word' id='word_1_3' title='bbox 470 330 588 376; x_wconf 93' lang='lat' dir='ltr'>mihi</span> <span class='ocrx_word' id='word_1_4' title='bbox 626 330 856 378; x_wconf 82' lang='lat' dir='ltr'>facienda</span> <span class='ocrx_word' id='word_1_5' title='bbox 893 348 1020 386; x_wconf 90' lang='lat' dir='ltr'>csse,</span> <span class='ocrx_word' id='word_1_6' title='bbox 1055 331 1251 378; x_wconf 79' lang='lat' dir='ltr'>faciam.</span> <span class='ocrx_word' id='word_1_7' title='bbox 1323 331 1452 378; x_wconf 85' lang='lat' dir='ltr'>Nam</span> <span class='ocrx_word' id='word_1_8' title='bbox 1489 339 1543 380; x_wconf 85' lang='lat' dir='ltr'>et</span> <span class='ocrx_word' id='word_1_9' title='bbox 1578 333 1642 380; x_wconf 88' lang='lat' dir='ltr'>ad</span> <span class='ocrx_word' id='word_1_10' title='bbox 1677 332 1745 388; x_wconf 88' lang='lat' dir='ltr'>id,</span> 
     </span>
     <span class='ocr_line' id='line_1_3' title="bbox 253 398 1743 459; baseline 0.003 -17"><span class='ocrx_word' id='word_1_11' title='bbox 253 399 388 459; x_wconf 89' lang='lat' dir='ltr'>quod</span> <span class='ocrx_word' id='word_1_12' title='bbox 410 399 567 444; x_wconf 81' lang='lat' dir='ltr'>Attici</span> <span class='ocrx_word' id='word_1_13' title='bbox 590 416 738 444; x_wconf 83' lang='lat' dir='ltr'>causa</span> <span class='ocrx_word' id='word_1_14' title='bbox 762 406 812 444; x_wconf 91' lang='lat' dir='ltr'>tc</span> <span class='ocrx_word' id='word_1_15' title='bbox 835 399 1098 445; x_wconf 74' lang='lat' dir='ltr'>ostendisti</span> <span class='ocrx_word' id='word_1_16' title='bbox 1123 416 1231 445; x_wconf 81' lang='lat' dir='ltr'>esse</span> <span class='ocrx_word' id='word_1_17' title='bbox 1252 398 1522 455; x_wconf 82' lang='lat' dir='ltr'>facturum,</span> <span class='ocrx_word' id='word_1_18' title='bbox 1542 407 1743 446; x_wconf 81' lang='lat' dir='ltr'>tantum</span> 
     </span>
     <span class='ocr_line' id='line_1_4' title="bbox 253 465 1745 527; baseline 0.002 -18"><span class='ocrx_word' id='word_1_19' title='bbox 253 465 400 510; x_wconf 77' lang='lat' dir='ltr'>velim</span> <span class='ocrx_word' id='word_1_20' title='bbox 440 466 612 520; x_wconf 81' lang='lat' dir='ltr'>addas,</span> <span class='ocrx_word' id='word_1_21' title='bbox 651 473 899 527; x_wconf 84' lang='lat' dir='ltr'>quantum</span> <span class='ocrx_word' id='word_1_22' title='bbox 937 482 999 512; x_wconf 84' lang='lat' dir='ltr'>ex</span> <span class='ocrx_word' id='word_1_23' title='bbox 1037 475 1208 512; x_wconf 86' lang='lat' dir='ltr'>nostro</span> <span class='ocrx_word' id='word_1_24' title='bbox 1245 483 1415 513; x_wconf 84' lang='lat' dir='ltr'>amore</span> <span class='ocrx_word' id='word_1_25' title='bbox 1452 470 1745 513; x_wconf 83' lang='lat' dir='ltr'>accessionis</span> 
     </span>
     <span class='ocr_line' id='line_1_5' title="bbox 254 532 1746 596; baseline 0.002 -20"><span class='ocrx_word' id='word_1_26' title='bbox 254 532 357 577; x_wconf 75' lang='lat' dir='ltr'>ficri</span> <span class='ocrx_word' id='word_1_27' title='bbox 382 540 570 593; x_wconf 78' lang='lat' dir='ltr'>potest,</span> <span class='ocrx_word' id='word_1_28' title='bbox 594 540 664 588; x_wconf 86' lang='lat' dir='ltr'>ct,</span> <span class='ocrx_word' id='word_1_29' title='bbox 687 533 823 595; x_wconf 91' lang='lat' dir='ltr'>quod</span> <span class='ocrx_word' id='word_1_30' title='bbox 845 533 994 579; x_wconf 91' lang='lat' dir='ltr'>modo</span> <span class='ocrx_word' id='word_1_31' title='bbox 1018 534 1228 579; x_wconf 85' lang='lat' dir='ltr'>verebar</span> <span class='ocrx_word' id='word_1_32' title='bbox 1249 534 1342 580; x_wconf 91' lang='lat' dir='ltr'>tibi</span> <span class='ocrx_word' id='word_1_33' title='bbox 1363 537 1552 596; x_wconf 79' lang='lat' dir='ltr'>gratias</span> <span class='ocrx_word' id='word_1_34' title='bbox 1576 550 1746 596; x_wconf 83' lang='lat' dir='ltr'>agere,</span> 
     </span>
     <span class='ocr_line' id='line_1_6' title="bbox 253 599 1746 663; baseline 0.002 -20"><span class='ocrx_word' id='word_1_35' title='bbox 253 615 384 644; x_wconf 90' lang='lat' dir='ltr'>nunc</span> <span class='ocrx_word' id='word_1_36' title='bbox 404 599 551 660; x_wconf 84' lang='lat' dir='ltr'>plane</span> <span class='ocrx_word' id='word_1_37' title='bbox 573 616 685 661; x_wconf 78' lang='lat' dir='ltr'>ago,</span> <span class='ocrx_word' id='word_1_38' title='bbox 704 607 860 662; x_wconf 87' lang='lat' dir='ltr'>teque</span> <span class='ocrx_word' id='word_1_39' title='bbox 879 603 952 646; x_wconf 87' lang='lat' dir='ltr'>ita</span> <span class='ocrx_word' id='word_1_40' title='bbox 971 604 1261 647; x_wconf 84' lang='lat' dir='ltr'>existimare</span> <span class='ocrx_word' id='word_1_41' title='bbox 1281 600 1408 655; x_wconf 88' lang='lat' dir='ltr'>volo,</span> <span class='ocrx_word' id='word_1_42' title='bbox 1427 602 1746 663; x_wconf 86' lang='lat' dir='ltr'>quibuscum-</span> 
     </span>
     <span class='ocr_line' id='line_1_7' title="bbox 253 667 1745 729; baseline 0.002 -19"><span class='ocrx_word' id='word_1_43' title='bbox 253 683 351 727; x_wconf 78' lang='lat' dir='ltr'>que</span> <span class='ocrx_word' id='word_1_44' title='bbox 389 667 557 711; x_wconf 63' lang='lat' dir='ltr'>offic-iis</span> <span class='ocrx_word' id='word_1_45' title='bbox 596 671 643 711; x_wconf 93' lang='lat' dir='ltr'>in</span> <span class='ocrx_word' id='word_1_46' title='bbox 684 667 948 728; x_wconf 75' lang='lat' dir='ltr'>Epiroticis</span> <span class='ocrx_word' id='word_1_47' title='bbox 985 667 1291 729; x_wconf 72' lang='lat' dir='ltr'>reliquisque</span> <span class='ocrx_word' id='word_1_48' title='bbox 1328 669 1478 713; x_wconf 68' lang='lat' dir='ltr'>rebus</span> <span class='ocrx_word' id='word_1_49' title='bbox 1517 669 1745 713; x_wconf 83' lang='lat' dir='ltr'>Atticum</span> 
     </span>
     <span class='ocr_line' id='line_1_8' title="bbox 252 733 1477 793; baseline 0.003 -16"><span class='ocrx_word' id='word_1_50' title='bbox 252 733 597 780; x_wconf 63' lang='lat' dir='ltr'>obstrinxeris.</span> <span class='ocrx_word' id='word_1_51' title='bbox 623 734 798 779; x_wconf 65' lang='lat' dir='ltr'>iisdem</span> <span class='ocrx_word' id='word_1_52' title='bbox 826 751 907 779; x_wconf 83' lang='lat' dir='ltr'>me</span> <span class='ocrx_word' id='word_1_53' title='bbox 933 735 1021 780; x_wconf 82' lang='lat' dir='ltr'>tihi</span> <span class='ocrx_word' id='word_1_54' title='bbox 1049 735 1328 793; x_wconf 61' lang='lat' dir='ltr'>obligatum</span> <span class='ocrx_word' id='word_1_55' title='bbox 1356 735 1477 781; x_wconf 57' lang='lat' dir='ltr'>foi-fn</span> 
     </span>
    </p>
   </div>
   <div class='ocr_carea' id='block_1_3' title="bbox 572 904 1428 1168">
    <p class='ocr_par' dir='ltr' id='par_1_3' title="bbox 572 904 1428 1168">
     <span class='ocr_line' id='line_1_9' title="bbox 938 904 1061 950; baseline 0 -1"><span class='ocrx_word' id='word_1_56' title='bbox 938 904 1061 950; x_wconf 79' lang='lat' dir='ltr'>XIX</span> 
     </span>
     <span class='ocr_line' id='line_1_10' title="bbox 572 1026 1428 1060; baseline 0.002 -2"><span class='ocrx_word' id='word_1_57' title='bbox 572 1026 627 1059; x_wconf 82' lang='lat' dir='ltr'>M.</span> <span class='ocrx_word' id='word_1_58' title='bbox 663 1027 708 1059; x_wconf 85' lang='grc' dir='ltr'>Τ.</span> <span class='ocrx_word' id='word_1_59' title='bbox 746 1028 786 1059; x_wconf 92' lang='lat' dir='ltr'>C.</span> <span class='ocrx_word' id='word_1_60' title='bbox 824 1027 861 1059; x_wconf 91' lang='lat' dir='ltr'>S.</span> <span class='ocrx_word' id='word_1_61' title='bbox 899 1028 942 1059; x_wconf 88' lang='lat' dir='ltr'>P.</span> <span class='ocrx_word' id='word_1_62' title='bbox 982 1028 1027 1059; x_wconf 88' lang='lat' dir='ltr'>D.</span> <span class='ocrx_word' id='word_1_63' title='bbox 1065 1029 1169 1060; x_wconf 76' lang='lat' dir='ltr'>SER.</span> <span class='ocrx_word' id='word_1_64' title='bbox 1206 1027 1428 1060; x_wconf 76' lang='lat' dir='ltr'>SULPICIO</span> 
     </span>
     <span class='ocr_line' id='line_1_11' title="bbox 775 1121 1232 1168; baseline 0.002 -7"><span class='ocrx_word' id='word_1_65' title='bbox 775 1121 958 1168; x_wconf 77' lang='lat' dir='ltr'>Romae,</span> <span class='ocrx_word' id='word_1_66' title='bbox 981 1135 1111 1161; x_wconf 49' lang='lat' dir='ltr'>Amne.</span> <span class='ocrx_word' id='word_1_67' title='bbox 1136 1124 1232 1162; x_wconf 68' lang='lat'><strong>708.</strong></span> 
     </span>
    </p>
   </div>
   <div class='ocr_carea' id='block_1_4' title="bbox 205 1215 1744 1950">
    <p class='ocr_par' dir='ltr' id='par_1_4' title="bbox 205 1215 1744 1950">
     <span class='ocr_line' id='line_1_12' title="bbox 205 1215 1744 1280; baseline -0.001 -17"><span class='ocrx_word' id='word_1_68' title='bbox 205 1221 228 1263; x_wconf 89' lang='lat'>1</span> <span class='ocrx_word' id='word_1_69' title='bbox 318 1216 445 1263; x_wconf 90' lang='lat' dir='ltr'>Cum</span> <span class='ocrx_word' id='word_1_70' title='bbox 479 1216 679 1280; x_wconf 76' lang='lat' dir='ltr'>Lysone</span> <span class='ocrx_word' id='word_1_71' title='bbox 712 1216 941 1263; x_wconf 76' lang='lat' dir='ltr'>Patrensi</span> <span class='ocrx_word' id='word_1_72' title='bbox 974 1224 1052 1263; x_wconf 90' lang='lat' dir='ltr'>est</span> <span class='ocrx_word' id='word_1_73' title='bbox 1082 1216 1203 1263; x_wconf 90' lang='lat' dir='ltr'>mihi</span> <span class='ocrx_word' id='word_1_74' title='bbox 1235 1217 1441 1280; x_wconf 91' lang='lat' dir='ltr'>quidem</span> <span class='ocrx_word' id='word_1_75' title='bbox 1471 1215 1744 1279; x_wconf 83' lang='lat' dir='ltr'>hospitium</span> 
     </span>
     <span class='ocr_line' id='line_1_13' title="bbox 254 1283 1743 1347; baseline 0 -18"><span class='ocrx_word' id='word_1_76' title='bbox 254 1292 416 1340; x_wconf 80' lang='lat' dir='ltr'>vetuS‚</span> <span class='ocrx_word' id='word_1_77' title='bbox 461 1301 611 1346; x_wconf 90' lang='lat' dir='ltr'>quam</span> <span class='ocrx_word' id='word_1_78' title='bbox 658 1301 753 1347; x_wconf 81' lang='lat' dir='ltr'>ego</span> <span class='ocrx_word' id='word_1_79' title='bbox 796 1285 1221 1331; x_wconf 74' lang='lat' dir='ltr'>necessitudinem</span> <span class='ocrx_word' id='word_1_80' title='bbox 1265 1292 1439 1330; x_wconf 84' lang='lat' dir='ltr'>sancte</span> <span class='ocrx_word' id='word_1_81' title='bbox 1481 1283 1743 1330; x_wconf 87' lang='lat' dir='ltr'>colendam</span> 
     </span>
     <span class='ocr_line' id='line_1_14' title="bbox 254 1351 1744 1413; baseline 0 -17"><span class='ocrx_word' id='word_1_82' title='bbox 254 1359 396 1412; x_wconf 77' lang='lat' dir='ltr'>puto,</span> <span class='ocrx_word' id='word_1_83' title='bbox 441 1352 530 1397; x_wconf 90' lang='lat' dir='ltr'>sed</span> <span class='ocrx_word' id='word_1_84' title='bbox 577 1368 637 1397; x_wconf 88' lang='lat' dir='ltr'>ea</span> <span class='ocrx_word' id='word_1_85' title='bbox 682 1368 833 1397; x_wconf 83' lang='lat' dir='ltr'>causa</span> <span class='ocrx_word' id='word_1_86' title='bbox 878 1355 1033 1398; x_wconf 82' lang='lat' dir='ltr'>etiam</span> <span class='ocrx_word' id='word_1_87' title='bbox 1078 1369 1192 1398; x_wconf 87' lang='lat' dir='ltr'>cum</span> <span class='ocrx_word' id='word_1_88' title='bbox 1238 1352 1344 1397; x_wconf 87' lang='lat' dir='ltr'>aliis</span> <span class='ocrx_word' id='word_1_89' title='bbox 1389 1351 1744 1413; x_wconf 81' lang='lat' dir='ltr'>compluribuS‚</span> 
     </span>
     <span class='ocr_line' id='line_1_15' title="bbox 253 1417 1741 1480; baseline -0.001 -17"><span class='ocrx_word' id='word_1_90' title='bbox 253 1417 565 1464; x_wconf 75' lang='lat' dir='ltr'>familiaritas</span> <span class='ocrx_word' id='word_1_91' title='bbox 615 1426 760 1464; x_wconf 85' lang='lat' dir='ltr'>tanta</span> <span class='ocrx_word' id='word_1_92' title='bbox 809 1419 943 1464; x_wconf 90' lang='lat' dir='ltr'>nullo</span> <span class='ocrx_word' id='word_1_93' title='bbox 991 1436 1105 1464; x_wconf 90' lang='lat' dir='ltr'>cum</span> <span class='ocrx_word' id='word_1_94' title='bbox 1154 1418 1371 1480; x_wconf 88' lang='lat' dir='ltr'>hospite,</span> <span class='ocrx_word' id='word_1_95' title='bbox 1420 1425 1473 1464; x_wconf 93' lang='lat' dir='ltr'>et</span> <span class='ocrx_word' id='word_1_96' title='bbox 1523 1434 1582 1463; x_wconf 87' lang='lat' dir='ltr'>ea</span> <span class='ocrx_word' id='word_1_97' title='bbox 1629 1434 1741 1463; x_wconf 85' lang='lat' dir='ltr'>cum</span> 
     </span>
     <span class='ocr_line' id='line_1_16' title="bbox 252 1485 1743 1547; baseline 0 -18"><span class='ocrx_word' id='word_1_98' title='bbox 252 1485 420 1531; x_wconf 83' lang='lat' dir='ltr'>officiis</span> <span class='ocrx_word' id='word_1_99' title='bbox 439 1489 543 1531; x_wconf 85' lang='lat' dir='ltr'>eius</span> <span class='ocrx_word' id='word_1_100' title='bbox 561 1486 749 1540; x_wconf 87' lang='lat' dir='ltr'>multis,</span> <span class='ocrx_word' id='word_1_101' title='bbox 767 1493 873 1531; x_wconf 90' lang='lat' dir='ltr'>tum</span> <span class='ocrx_word' id='word_1_102' title='bbox 894 1489 1048 1532; x_wconf 82' lang='lat' dir='ltr'>etiam</span> <span class='ocrx_word' id='word_1_103' title='bbox 1065 1486 1431 1532; x_wconf 79' lang='lat' dir='ltr'>consuetudine</span> <span class='ocrx_word' id='word_1_104' title='bbox 1449 1485 1743 1547; x_wconf 81' lang='lat' dir='ltr'>quotidiana</span> 
     </span>
     <span class='ocr_line' id='line_1_17' title="bbox 253 1551 1742 1607; baseline 0 -10"><span class='ocrx_word' id='word_1_105' title='bbox 253 1556 321 1597; x_wconf 89' lang='lat' dir='ltr'>sic</span> <span class='ocrx_word' id='word_1_106' title='bbox 361 1560 438 1598; x_wconf 85' lang='lat' dir='ltr'>est</span> <span class='ocrx_word' id='word_1_107' title='bbox 477 1560 643 1607; x_wconf 84' lang='lat' dir='ltr'>aucta,</span> <span class='ocrx_word' id='word_1_108' title='bbox 682 1560 739 1599; x_wconf 81' lang='lat' dir='ltr'>ut</span> <span class='ocrx_word' id='word_1_109' title='bbox 777 1552 899 1598; x_wconf 88' lang='lat' dir='ltr'>nihil</span> <span class='ocrx_word' id='word_1_110' title='bbox 936 1556 1002 1599; x_wconf 84' lang='lat' dir='ltr'>sit</span> <span class='ocrx_word' id='word_1_111' title='bbox 1039 1551 1382 1599; x_wconf 74' lang='lat' dir='ltr'>familiaritate</span> <span class='ocrx_word' id='word_1_112' title='bbox 1421 1559 1592 1598; x_wconf 82' lang='lat' dir='ltr'>nostra</span> <span class='ocrx_word' id='word_1_113' title='bbox 1629 1568 1742 1597; x_wconf 92' lang='lat' dir='ltr'>con-</span> 
     </span>
     <span class='ocr_line' id='line_1_18' title="bbox 253 1618 1743 1682; baseline 0.001 -18"><span class='ocrx_word' id='word_1_114' title='bbox 253 1623 484 1666; x_wconf 88' lang='lat' dir='ltr'>iunctius.</span> <span class='ocrx_word' id='word_1_115' title='bbox 558 1620 605 1665; x_wconf 87' lang='lat' dir='ltr'>Is</span> <span class='ocrx_word' id='word_1_116' title='bbox 642 1637 755 1665; x_wconf 90' lang='lat' dir='ltr'>cum</span> <span class='ocrx_word' id='word_1_117' title='bbox 794 1620 984 1666; x_wconf 81' lang='lat' dir='ltr'>Romae</span> <span class='ocrx_word' id='word_1_118' title='bbox 1023 1637 1209 1666; x_wconf 82' lang='lat' dir='ltr'>annum</span> <span class='ocrx_word' id='word_1_119' title='bbox 1247 1636 1404 1682; x_wconf 87' lang='lat' dir='ltr'>prope</span> <span class='ocrx_word' id='word_1_120' title='bbox 1439 1623 1512 1666; x_wconf 83' lang='lat' dir='ltr'>ita</span> <span class='ocrx_word' id='word_1_121' title='bbox 1547 1618 1743 1674; x_wconf 83' lang='lat' dir='ltr'>fuisset,</span> 
     </span>
     <span class='ocr_line' id='line_1_19' title="bbox 254 1689 1742 1749; baseline -0.001 -18"><span class='ocrx_word' id='word_1_122' title='bbox 254 1694 311 1732; x_wconf 87' lang='lat' dir='ltr'>ut</span> <span class='ocrx_word' id='word_1_123' title='bbox 334 1703 531 1732; x_wconf 86' lang='lat' dir='ltr'>mecum</span> <span class='ocrx_word' id='word_1_124' title='bbox 557 1690 765 1741; x_wconf 79' lang='lat' dir='ltr'>viveret,</span> <span class='ocrx_word' id='word_1_125' title='bbox 791 1691 884 1733; x_wconf 77' lang='lat' dir='ltr'>etsi</span> <span class='ocrx_word' id='word_1_126' title='bbox 909 1704 1107 1733; x_wconf 86' lang='lat' dir='ltr'>eramus</span> <span class='ocrx_word' id='word_1_127' title='bbox 1130 1691 1180 1732; x_wconf 90' lang='lat' dir='ltr'>in</span> <span class='ocrx_word' id='word_1_128' title='bbox 1203 1703 1389 1749; x_wconf 85' lang='lat' dir='ltr'>magna</span> <span class='ocrx_word' id='word_1_129' title='bbox 1412 1703 1519 1749; x_wconf 85' lang='lat' dir='ltr'>spe,</span> <span class='ocrx_word' id='word_1_130' title='bbox 1541 1693 1596 1732; x_wconf 86' lang='lat' dir='ltr'>te</span> <span class='ocrx_word' id='word_1_131' title='bbox 1618 1689 1742 1731; x_wconf 85' lang='lat' dir='ltr'>meis</span> 
     </span>
     <span class='ocr_line' id='line_1_20' title="bbox 253 1752 1741 1817; baseline 0 -19"><span class='ocrx_word' id='word_1_132' title='bbox 253 1753 434 1799; x_wconf 87' lang='lat' dir='ltr'>litteris</span> <span class='ocrx_word' id='word_1_133' title='bbox 481 1755 1023 1816; x_wconf 84' lang='lat' dir='ltr'>commendationeque</span> <span class='ocrx_word' id='word_1_134' title='bbox 1063 1755 1445 1817; x_wconf 84' lang='lat' dir='ltr'>diligentissime</span> <span class='ocrx_word' id='word_1_135' title='bbox 1491 1752 1741 1799; x_wconf 83' lang='lat' dir='ltr'>facturum</span> 
     </span>
     <span class='ocr_line' id='line_1_21' title="bbox 255 1820 1742 1882; baseline 0 -17"><span class='ocrx_word' id='word_1_136' title='bbox 255 1821 302 1865; x_wconf 81' lang='lat' dir='ltr'>id</span> <span class='ocrx_word' id='word_1_137' title='bbox 349 1821 484 1882; x_wconf 84' lang='lat' dir='ltr'>quod</span> <span class='ocrx_word' id='word_1_138' title='bbox 527 1820 708 1875; x_wconf 76' lang='lat' dir='ltr'>fecisti,</span> <span class='ocrx_word' id='word_1_139' title='bbox 752 1829 809 1867; x_wconf 89' lang='lat' dir='ltr'>ut</span> <span class='ocrx_word' id='word_1_140' title='bbox 853 1825 958 1867; x_wconf 89' lang='lat' dir='ltr'>eius</span> <span class='ocrx_word' id='word_1_141' title='bbox 1003 1838 1109 1867; x_wconf 88' lang='lat' dir='ltr'>rem</span> <span class='ocrx_word' id='word_1_142' title='bbox 1154 1828 1207 1867; x_wconf 86' lang='lat' dir='ltr'>et</span> <span class='ocrx_word' id='word_1_143' title='bbox 1249 1820 1477 1867; x_wconf 84' lang='lat' dir='ltr'>fortunas</span> <span class='ocrx_word' id='word_1_144' title='bbox 1521 1821 1742 1866; x_wconf 84' lang='lat' dir='ltr'>absentis</span> 
     </span>
     <span class='ocr_line' id='line_1_22' title="bbox 256 1889 1743 1950; baseline -0.001 -17"><span class='ocrx_word' id='word_1_145' title='bbox 256 1895 342 1933; x_wconf 64' lang='lat' dir='ltr'>tu(</span> <span class='ocrx_word' id='word_1_146' title='bbox 348 1906 369 1932; x_wconf 82' lang='grc' dir='ltr'>ι</span> <span class='ocrx_word' id='word_1_147' title='bbox 374 1904 474 1942; x_wconf 80' lang='lat' dir='ltr'>ere,</span> <span class='ocrx_word' id='word_1_148' title='bbox 498 1895 688 1942; x_wconf 87' lang='lat' dir='ltr'>tamen,</span> <span class='ocrx_word' id='word_1_149' title='bbox 712 1889 881 1950; x_wconf 87' lang='lat' dir='ltr'>quod</span> <span class='ocrx_word' id='word_1_150' title='bbox 869 1906 918 1934; x_wconf 83' lang='lat' dir='ltr'>ln</span> <span class='ocrx_word' id='word_1_151' title='bbox 943 1892 1087 1934; x_wconf 86' lang='lat' dir='ltr'>unius</span> <span class='ocrx_word' id='word_1_152' title='bbox 1110 1895 1368 1950; x_wconf 81' lang='lat' dir='ltr'>potestate</span> <span class='ocrx_word' id='word_1_153' title='bbox 1392 1895 1537 1933; x_wconf 84' lang='lat' dir='ltr'>erant</span> <span class='ocrx_word' id='word_1_154' title='bbox 1559 1891 1743 1939; x_wconf 83' lang='lat' dir='ltr'>omnia,</span> 
     </span>
    </p>
   </div>
   <div class='ocr_carea' id='block_1_5' title="bbox 260 1965 900 1969">
    <p class='ocr_par' dir='ltr' id='par_1_5' title="bbox 260 1965 900 1969">
     <span class='ocr_line' id='line_1_23' title="bbox 260 1965 900 1969; baseline 0 0"><span class='ocrx_word' id='word_1_155' title='bbox 260 1965 900 1969; x_wconf 95' lang='lat' dir='ltr'> </span> 
     </span>
    </p>
   </div>
   <div class='ocr_carea' id='block_1_6' title="bbox 261 1982 1743 2627">
    <p class='ocr_par' dir='ltr' id='par_1_6' title="bbox 261 1982 1742 2250">
     <span class='ocr_line' id='line_1_24' title="bbox 319 1982 1742 2036; baseline -0.001 -13"><span class='ocrx_word' id='word_1_156' title='bbox 319 1989 336 2007; x_wconf 76' lang='lat'>‘²</span> <span class='ocrx_word' id='word_1_157' title='bbox 367 1984 554 2036; x_wconf 80' lang='lat' dir='ltr'>&#39;lhough</span> <span class='ocrx_word' id='word_1_158' title='bbox 595 1985 747 2024; x_wconf 78' lang='lat' dir='ltr'>Cicero</span> <span class='ocrx_word' id='word_1_159' title='bbox 778 1983 939 2035; x_wconf 58' lang='lat' dir='ltr'>speaks</span> <span class='ocrx_word' id='word_1_160' title='bbox 971 1984 1209 2024; x_wconf 79' lang='lat' dir='ltr'>somewhat</span> <span class='ocrx_word' id='word_1_161' title='bbox 1249 1982 1506 2035; x_wconf 78' lang='lat' dir='ltr'>slightingly</span> <span class='ocrx_word' id='word_1_162' title='bbox 1538 1983 1589 2022; x_wconf 84' lang='lat' dir='ltr'>of</span> <span class='ocrx_word' id='word_1_163' title='bbox 1623 1982 1742 2034; x_wconf 87' lang='lat' dir='ltr'>Lyso</span> 
     </span>
     <span class='ocr_line' id='line_1_25' title="bbox 261 2036 1741 2089; baseline 0 -13"><span class='ocrx_word' id='word_1_164' title='bbox 261 2037 490 2077; x_wconf 62' lang='lat' dir='ltr'>elseuhm</span> <span class='ocrx_word' id='word_1_165' title='bbox 528 2040 630 2087; x_wconf 74' lang='lat' dir='ltr'>(xvi.</span> <span class='ocrx_word' id='word_1_166' title='bbox 670 2042 709 2078; x_wconf 76' lang='lat'>4.</span> <span class='ocrx_word' id='word_1_167' title='bbox 743 2039 802 2089; x_wconf 68' lang='grc' dir='ltr'>Ω).</span> <span class='ocrx_word' id='word_1_168' title='bbox 841 2038 894 2077; x_wconf 86' lang='lat' dir='ltr'>he</span> <span class='ocrx_word' id='word_1_169' title='bbox 930 2052 1068 2077; x_wconf 77' lang='lat' dir='ltr'>seems</span> <span class='ocrx_word' id='word_1_170' title='bbox 1102 2042 1146 2077; x_wconf 86' lang='lat' dir='ltr'>to</span> <span class='ocrx_word' id='word_1_171' title='bbox 1177 2038 1287 2077; x_wconf 83' lang='lat' dir='ltr'>have</span> <span class='ocrx_word' id='word_1_172' title='bbox 1322 2037 1408 2077; x_wconf 85' lang='lat' dir='ltr'>had</span> <span class='ocrx_word' id='word_1_173' title='bbox 1442 2051 1468 2076; x_wconf 87' lang='lat' dir='ltr'>a</span> <span class='ocrx_word' id='word_1_174' title='bbox 1499 2050 1604 2088; x_wconf 85' lang='lat' dir='ltr'>very</span> <span class='ocrx_word' id='word_1_175' title='bbox 1636 2036 1741 2088; x_wconf 87' lang='lat' dir='ltr'>high</span> 
     </span>
     <span class='ocr_line' id='line_1_26' title="bbox 261 2090 1740 2143; baseline -0.001 -13"><span class='ocrx_word' id='word_1_176' title='bbox 261 2105 304 2130; x_wconf 72' lang='lat' dir='ltr'>r«</span> <span class='ocrx_word' id='word_1_177' title='bbox 307 2092 416 2139; x_wconf 63' lang='lat' dir='ltr'>gard</span> <span class='ocrx_word' id='word_1_178' title='bbox 437 2093 504 2131; x_wconf 82' lang='lat' dir='ltr'>for</span> <span class='ocrx_word' id='word_1_179' title='bbox 525 2092 640 2138; x_wconf 85' lang='lat' dir='ltr'>him;</span> <span class='ocrx_word' id='word_1_180' title='bbox 671 2092 758 2131; x_wconf 88' lang='lat' dir='ltr'>and</span> <span class='ocrx_word' id='word_1_181' title='bbox 784 2092 900 2143; x_wconf 81' lang='lat' dir='ltr'>Lyso</span> <span class='ocrx_word' id='word_1_182' title='bbox 922 2091 1100 2131; x_wconf 80' lang='lat' dir='ltr'>himself</span> <span class='ocrx_word' id='word_1_183' title='bbox 1115 2105 1253 2131; x_wconf 82' lang='lat' dir='ltr'>seems</span> <span class='ocrx_word' id='word_1_184' title='bbox 1274 2095 1318 2131; x_wconf 90' lang='lat' dir='ltr'>to</span> <span class='ocrx_word' id='word_1_185' title='bbox 1338 2091 1449 2131; x_wconf 84' lang='lat' dir='ltr'>have</span> <span class='ocrx_word' id='word_1_186' title='bbox 1470 2090 1578 2130; x_wconf 85' lang='lat' dir='ltr'>been</span> <span class='ocrx_word' id='word_1_187' title='bbox 1600 2103 1740 2130; x_wconf 51' lang='lat' dir='ltr'>some*</span> 
     </span>
     <span class='ocr_line' id='line_1_27' title="bbox 262 2143 1740 2196; baseline 0 -12"><span class='ocrx_word' id='word_1_188' title='bbox 262 2145 388 2196; x_wconf 83' lang='lat' dir='ltr'>thing</span> <span class='ocrx_word' id='word_1_189' title='bbox 424 2159 543 2185; x_wconf 84' lang='lat' dir='ltr'>more</span> <span class='ocrx_word' id='word_1_190' title='bbox 581 2146 686 2185; x_wconf 83' lang='lat' dir='ltr'>than</span> <span class='ocrx_word' id='word_1_191' title='bbox 728 2146 800 2185; x_wconf 83' lang='lat' dir='ltr'>the</span> <span class='ocrx_word' id='word_1_192' title='bbox 838 2145 1097 2196; x_wconf 82' lang='lat' dir='ltr'>ordinary‘</span> <span class='ocrx_word' id='word_1_193' title='bbox 1103 2145 1243 2185; x_wconf 83' lang='lat' dir='ltr'>‘hotel</span> <span class='ocrx_word' id='word_1_194' title='bbox 1283 2144 1566 2196; x_wconf 75' lang='lat' dir='ltr'>pr0p1·iet0r&#39;’</span> <span class='ocrx_word' id='word_1_195' title='bbox 1601 2143 1740 2191; x_wconf 84' lang='lat' dir='ltr'>which</span> 
     </span>
     <span class='ocr_line' id='line_1_28' title="bbox 261 2198 1412 2250; baseline 0 -12"><span class='ocrx_word' id='word_1_196' title='bbox 261 2198 429 2249; x_wconf 72' lang='lat' dir='ltr'>&#39;l&#39;yrrell</span> <span class='ocrx_word' id='word_1_197' title='bbox 450 2199 536 2239; x_wconf 85' lang='lat' dir='ltr'>and</span> <span class='ocrx_word' id='word_1_198' title='bbox 563 2200 767 2250; x_wconf 76' lang='lat' dir='ltr'>Mahaffy</span> <span class='ocrx_word' id='word_1_199' title='bbox 788 2213 961 2239; x_wconf 75' lang='lat' dir='ltr'>assume</span> <span class='ocrx_word' id='word_1_200' title='bbox 984 2199 1071 2239; x_wconf 90' lang='lat' dir='ltr'>him</span> <span class='ocrx_word' id='word_1_201' title='bbox 1094 2203 1138 2238; x_wconf 84' lang='lat' dir='ltr'>to</span> <span class='ocrx_word' id='word_1_202' title='bbox 1158 2199 1269 2239; x_wconf 86' lang='lat' dir='ltr'>have</span> <span class='ocrx_word' id='word_1_203' title='bbox 1289 2199 1412 2238; x_wconf 75' lang='lat' dir='ltr'>been.</span> 
     </span>
    </p>

    <p class='ocr_par' dir='ltr' id='par_1_7' title="bbox 261 2251 1743 2455">
     <span class='ocr_line' id='line_1_29' title="bbox 324 2251 1743 2304; baseline 0 -14"><span class='ocrx_word' id='word_1_204' title='bbox 324 2253 338 2275; x_wconf 68' lang='lat'>‘¹</span> <span class='ocrx_word' id='word_1_205' title='bbox 372 2253 552 2304; x_wconf 57' lang='lat' dir='ltr'>llos-pes,</span> <span class='ocrx_word' id='word_1_206' title='bbox 600 2253 689 2292; x_wconf 87' lang='lat' dir='ltr'>like</span> <span class='ocrx_word' id='word_1_207' title='bbox 749 2254 822 2292; x_wconf 83' lang='lat' dir='ltr'>the.</span> <span class='ocrx_word' id='word_1_208' title='bbox 877 2252 1023 2293; x_wconf 79' lang='lat' dir='ltr'>Greek</span> <span class='ocrx_word' id='word_1_209' title='bbox 1069 2256 1190 2300; x_wconf 76' lang='grc' dir='ltr'>ξένος,</span> <span class='ocrx_word' id='word_1_210' title='bbox 1235 2251 1471 2303; x_wconf 80' lang='lat' dir='ltr'>originally</span> <span class='ocrx_word' id='word_1_211' title='bbox 1517 2254 1666 2290; x_wconf 88' lang='lat' dir='ltr'>meant</span> <span class='ocrx_word' id='word_1_212' title='bbox 1717 2263 1743 2290; x_wconf 86' lang='lat' dir='ltr'>a</span> 
     </span>
     <span class='ocr_line' id='line_1_30' title="bbox 261 2303 1743 2357; baseline -0.001 -13"><span class='ocrx_word' id='word_1_213' title='bbox 261 2311 490 2356; x_wconf 72' lang='lat' dir='ltr'>stranyer3</span> <span class='ocrx_word' id='word_1_214' title='bbox 532 2307 636 2346; x_wconf 80' lang='lat' dir='ltr'>then</span> <span class='ocrx_word' id='word_1_215' title='bbox 663 2309 695 2347; x_wconf 87' lang='lat' dir='ltr'>it</span> <span class='ocrx_word' id='word_1_216' title='bbox 718 2306 900 2346; x_wconf 83' lang='lat' dir='ltr'>became</span> <span class='ocrx_word' id='word_1_217' title='bbox 924 2306 1031 2346; x_wconf 80' lang='lat' dir='ltr'>used</span> <span class='ocrx_word' id='word_1_218' title='bbox 1056 2308 1125 2346; x_wconf 84' lang='lat' dir='ltr'>sor</span> <span class='ocrx_word' id='word_1_219' title='bbox 1149 2320 1175 2346; x_wconf 87' lang='lat' dir='ltr'>a</span> <span class='ocrx_word' id='word_1_220' title='bbox 1197 2312 1335 2357; x_wconf 72' lang='lat' dir='ltr'>quest,</span> <span class='ocrx_word' id='word_1_221' title='bbox 1361 2305 1448 2345; x_wconf 85' lang='lat' dir='ltr'>and</span> <span class='ocrx_word' id='word_1_222' title='bbox 1475 2304 1627 2356; x_wconf 75' lang='lat' dir='ltr'>finally</span> <span class='ocrx_word' id='word_1_223' title='bbox 1651 2303 1743 2343; x_wconf 89' lang='lat' dir='ltr'>also</span> 
     </span>
     <span class='ocr_line' id='line_1_31' title="bbox 263 2357 1741 2412; baseline -0.001 -13"><span class='ocrx_word' id='word_1_224' title='bbox 263 2362 330 2399; x_wconf 73' lang='lat' dir='ltr'>fm-</span> <span class='ocrx_word' id='word_1_225' title='bbox 347 2374 371 2399; x_wconf 84' lang='lat' dir='ltr'>a</span> <span class='ocrx_word' id='word_1_226' title='bbox 392 2361 498 2407; x_wconf 65' lang='lat' dir='ltr'>host,</span> <span class='ocrx_word' id='word_1_227' title='bbox 517 2361 605 2400; x_wconf 88' lang='lat' dir='ltr'>and</span> <span class='ocrx_word' id='word_1_228' title='bbox 625 2361 766 2400; x_wconf 88' lang='lat' dir='ltr'>which</span> <span class='ocrx_word' id='word_1_229' title='bbox 785 2362 835 2400; x_wconf 90' lang='lat' dir='ltr'>of</span> <span class='ocrx_word' id='word_1_230' title='bbox 848 2361 972 2400; x_wconf 88' lang='lat' dir='ltr'>those</span> <span class='ocrx_word' id='word_1_231' title='bbox 989 2365 1076 2401; x_wconf 86' lang='lat' dir='ltr'>two</span> <span class='ocrx_word' id='word_1_232' title='bbox 1094 2362 1325 2412; x_wconf 88' lang='lat' dir='ltr'>meanings</span> <span class='ocrx_word' id='word_1_233' title='bbox 1343 2361 1375 2399; x_wconf 89' lang='lat' dir='ltr'>it</span> <span class='ocrx_word' id='word_1_234' title='bbox 1393 2359 1520 2399; x_wconf 82' lang='lat' dir='ltr'>hears</span> <span class='ocrx_word' id='word_1_235' title='bbox 1537 2372 1619 2398; x_wconf 87' lang='lat' dir='ltr'>can</span> <span class='ocrx_word' id='word_1_236' title='bbox 1637 2357 1741 2410; x_wconf 88' lang='lat' dir='ltr'>only</span> 
     </span>
     <span class='ocr_line' id='line_1_32' title="bbox 264 2414 945 2455; baseline 0.004 -3"><span class='ocrx_word' id='word_1_237' title='bbox 264 2414 317 2453; x_wconf 73' lang='lat' dir='ltr'>he</span> <span class='ocrx_word' id='word_1_238' title='bbox 339 2414 526 2454; x_wconf 66' lang='lat' dir='ltr'>infel-red</span> <span class='ocrx_word' id='word_1_239' title='bbox 547 2417 661 2454; x_wconf 86' lang='lat' dir='ltr'>from</span> <span class='ocrx_word' id='word_1_240' title='bbox 683 2417 736 2455; x_wconf 84' lang='lat' dir='ltr'>its</span> <span class='ocrx_word' id='word_1_241' title='bbox 756 2419 945 2455; x_wconf 74' lang='lat' dir='ltr'>context.</span> 
     </span>
    </p>

    <p class='ocr_par' dir='ltr' id='par_1_8' title="bbox 263 2465 1742 2627">
     <span class='ocr_line' id='line_1_33' title="bbox 324 2465 1741 2520; baseline -0.001 -14"><span class='ocrx_word' id='word_1_242' title='bbox 324 2468 573 2519; x_wconf 70' lang='lat' dir='ltr'>Hospitium</span> <span class='ocrx_word' id='word_1_243' title='bbox 610 2470 752 2517; x_wconf 69' lang='grc' dir='ltr'>(ξενία)</span> <span class='ocrx_word' id='word_1_244' title='bbox 784 2471 818 2508; x_wconf 82' lang='lat' dir='ltr'>is</span> <span class='ocrx_word' id='word_1_245' title='bbox 852 2470 926 2508; x_wconf 89' lang='lat' dir='ltr'>the</span> <span class='ocrx_word' id='word_1_246' title='bbox 960 2468 1244 2520; x_wconf 81' lang='lat' dir='ltr'>relationship</span> <span class='ocrx_word' id='word_1_247' title='bbox 1282 2467 1478 2507; x_wconf 78' lang='lat' dir='ltr'>between</span> <span class='ocrx_word' id='word_1_248' title='bbox 1519 2466 1617 2506; x_wconf 86' lang='lat' dir='ltr'>host</span> <span class='ocrx_word' id='word_1_249' title='bbox 1653 2465 1741 2505; x_wconf 85' lang='lat' dir='ltr'>and</span> 
     </span>
     <span class='ocr_line' id='line_1_34' title="bbox 263 2520 1742 2572; baseline -0.001 -12"><span class='ocrx_word' id='word_1_250' title='bbox 263 2526 405 2572; x_wconf 73' lang='lat' dir='ltr'>guest,</span> <span class='ocrx_word' id='word_1_251' title='bbox 424 2523 492 2562; x_wconf 88' lang='lat' dir='ltr'>for</span> <span class='ocrx_word' id='word_1_252' title='bbox 512 2524 652 2562; x_wconf 77' lang='lat' dir='ltr'>which</span> <span class='ocrx_word' id='word_1_253' title='bbox 674 2537 736 2561; x_wconf 83' lang='lat' dir='ltr'>we</span> <span class='ocrx_word' id='word_1_254' title='bbox 757 2522 867 2562; x_wconf 83' lang='lat' dir='ltr'>have</span> <span class='ocrx_word' id='word_1_255' title='bbox 888 2536 944 2561; x_wconf 93' lang='lat' dir='ltr'>no</span> <span class='ocrx_word' id='word_1_256' title='bbox 963 2537 1046 2561; x_wconf 65' lang='lat' dir='ltr'>ont·</span> <span class='ocrx_word' id='word_1_257' title='bbox 1067 2521 1185 2562; x_wconf 84' lang='lat' dir='ltr'>word</span> <span class='ocrx_word' id='word_1_258' title='bbox 1207 2525 1249 2562; x_wconf 86' lang='lat' dir='ltr'>in</span> <span class='ocrx_word' id='word_1_259' title='bbox 1272 2521 1472 2572; x_wconf 80' lang='lat' dir='ltr'>English,</span> <span class='ocrx_word' id='word_1_260' title='bbox 1492 2520 1579 2560; x_wconf 84' lang='lat' dir='ltr'>and</span> <span class='ocrx_word' id='word_1_261' title='bbox 1601 2520 1742 2559; x_wconf 81' lang='lat' dir='ltr'>which</span> 
     </span>
     <span class='ocr_line' id='line_1_35' title="bbox 268 2573 1742 2627; baseline -0.001 -13"><span class='ocrx_word' id='word_1_262' title='bbox 268 2589 329 2615; x_wconf 82' lang='lat' dir='ltr'>we</span> <span class='ocrx_word' id='word_1_263' title='bbox 359 2576 468 2616; x_wconf 87' lang='lat' dir='ltr'>have</span> <span class='ocrx_word' id='word_1_264' title='bbox 497 2580 543 2615; x_wconf 87' lang='lat' dir='ltr'>to</span> <span class='ocrx_word' id='word_1_265' title='bbox 573 2576 724 2616; x_wconf 71' lang='lat' dir='ltr'>render</span> <span class='ocrx_word' id='word_1_266' title='bbox 754 2577 811 2627; x_wconf 78' lang='lat' dir='ltr'>by</span> <span class='ocrx_word' id='word_1_267' title='bbox 844 2590 962 2616; x_wconf 83' lang='lat' dir='ltr'>some</span> <span class='ocrx_word' id='word_1_268' title='bbox 997 2577 1100 2616; x_wconf 75' lang='lat' dir='ltr'>such</span> <span class='ocrx_word' id='word_1_269' title='bbox 1141 2576 1407 2627; x_wconf 77' lang='lat' dir='ltr'>paraphrase</span> <span class='ocrx_word' id='word_1_270' title='bbox 1440 2587 1487 2614; x_wconf 81' lang='lat' dir='ltr'>as</span> <span class='ocrx_word' id='word_1_271' title='bbox 1519 2573 1631 2613; x_wconf 89' lang='lat' dir='ltr'>“the</span> <span class='ocrx_word' id='word_1_272' title='bbox 1664 2576 1742 2613; x_wconf 80' lang='lat' dir='ltr'>ties</span> 
     </span>
    </p>
   </div>
   <div class='ocr_carea' id='block_1_7' title="bbox 269 2630 330 2675">
    <p class='ocr_par' dir='ltr' id='par_1_9' title="bbox 269 2630 330 2675">
     <span class='ocr_line' id='line_1_36' title="bbox 269 2630 330 2675; baseline -0.016 0"><span class='ocrx_word' id='word_1_273' title='bbox 269 2630 330 2675; x_wconf 73' lang='lat'>64</span> 
     </span>
    </p>
   </div>
  </div>
 </body>
</html>
