1837 3029
872 188 1122 236 CICERO

931 360 1059 407 XIII

631 495 685 526 M.
723 495 895 525 CICERO
931 494 967 525 S.
1007 494 1052 525 D.
1091 493 1134 530 Q.
1173 492 1355 524 FRATRI

780 587 961 634 Romae,
985 600 1115 627 A.u.c.
1140 589 1235 626 700.

208 695 226 735 1
319 683 421 729 Risi
459 682 486 699 ‘¹
513 686 677 730 nivem
718 681 931 736 atram‚”
970 689 1124 744 teque
1162 680 1302 726 hilari
1342 682 1507 726 animo
1546 694 1653 724 esse
1692 683 1745 724 et

256 757 489 813 prompto
518 750 579 796 ad
608 750 869 795 iocandum
903 748 1043 794 valde
1072 764 1152 794 mc
1181 752 1333 793 iuvat.
1397 746 1475 791 De
1505 745 1744 807 Pompeio

256 821 501 864 assentior
548 817 657 872 tibi,
702 816 777 862 vel
827 824 882 862 tu
931 819 1096 878 potius
1145 814 1279 861 mihi.
1340 813 1487 868 Nam,
1531 819 1588 858 ut
1635 815 1744 865 scis,

253 885 550 947 iampridem
587 887 739 930 istum
779 891 927 929 canto
965 883 1248 928 Caesarem.
1330 879 1459 926 Mihi
1496 879 1662 934 crede,
1694 882 1744 924 in

205 959 228 997 2
253 955 362 998 sinu
389 959 482 1006 est,
510 967 675 1014 neque
707 967 802 1013 ego
837 951 1099 1013 discingor.
1155 948 1412 1011 Cognosce
1443 963 1574 993 nunc
1608 946 1740 992 Idus.

256 1019 494 1064 Decimus
534 1025 644 1064 erat
682 1017 851 1063 Caelio
890 1017 1011 1064 dies.
1085 1016 1338 1062 Domitius
1377 1014 1441 1060 ad
1479 1029 1743 1060 numerum

254 1086 441 1132 iudices
465 1102 564 1131 non
587 1084 779 1131 habuit.
839 1084 1043 1138 Vereor,
1068 1099 1130 1129 ne
1154 1082 1303 1129 homo
1337 1088 1474 1128 teter
1507 1088 1560 1127 et
1593 1079 1745 1132 feruS‚

256 1152 374 1198 Pola
408 1151 623 1207 Servius,
658 1152 720 1197 ad
755 1155 1125 1197 accusationem
1160 1153 1344 1196 veniat.
1412 1148 1541 1194 Nam
1575 1154 1746 1193 noster

254 1219 451 1266 Caelius
475 1219 618 1265 valde
642 1226 964 1281 oppugnatur
987 1235 1013 1263 a
1036 1224 1191 1279 gente
1215 1216 1404 1263 Clodia.
1461 1214 1598 1261 Certi
1623 1213 1743 1260 nihil

254 1294 331 1333 est
368 1286 564 1340 adhuc3
611 1286 700 1331 sed
730 1302 974 1331 veremur.
1038 1285 1228 1330 Eodem
1264 1286 1418 1346 igitur
1453 1282 1534 1328 die
1571 1281 1740 1345 Syriis¹

254 1361 329 1399 est
350 1360 553 1399 senatus
574 1353 722 1398 datus
742 1351 979 1415 frequens
1003 1367 1014 1407 ;
1053 1351 1345 1415 frequentes
1365 1356 1538 1395 contra
1559 1347 1745 1412 Syriaci

255 1420 522 1482 publicani.
578 1419 922 1465 Vehementer
944 1426 1155 1465 vexatus
1179 1418 1420 1463 Gabinius
1445 1431 1456 1471 ;
1497 1417 1743 1478 exagitati

255 1495 428 1533 tamen
466 1504 493 1532 a
532 1487 757 1533 Domitio
794 1486 1063 1548 publicani,
1101 1485 1235 1547 quod
1273 1501 1388 1530 eum
1427 1481 1595 1529 essent
1632 1499 1744 1528 cum

256 1559 395 1617 equis
435 1557 702 1616 prosecuti.
779 1553 835 1599 L.
880 1560 1049 1599 noster
1091 1552 1265 1597 Lamia
1306 1550 1472 1613 paullo
1513 1548 1743 1603 ferocius,

254 1639 366 1667 cum
393 1621 644 1667 Domitius
668 1621 893 1675 dixisset,
918 1620 1096 1666 Vestra
1120 1619 1264 1681 culpa
1287 1618 1412 1663 haec
1436 1617 1746 1669 acciderunt,

257 1692 452 1751 equites
484 1688 694 1733 Romani
719 1703 730 1742 ;
777 1687 1017 1733 dissolute
1048 1690 1180 1733 enim
1211 1686 1458 1739 iudicatis,
1488 1683 1590 1729 Nos
1619 1683 1745 1729 iudi-

259 1772 447 1811 camuS‚
475 1772 558 1802 vos
585 1755 818 1810 laudatis,
844 1758 1022 1817 inquit.
1083 1756 1269 1800 Actum
1297 1760 1373 1798 est
1401 1767 1459 1798 eo
1485 1751 1566 1797 die
1591 1749 1747 1805 nihil;

798 1863 813 1887 ¹
848 1862 942 1903 M²=
971 1862 1116 1914 Tyriis
1144 1873 1242 1903 uss.

319 1996 337 2015 ⁰
367 1990 461 2030 The
487 1990 608 2029 tenth
641 1989 729 2040 day
756 1989 868 2029 after
898 1989 964 2028 his
988 1990 1302 2039 arraigmnent,
1328 1991 1400 2027 ten
1432 1985 1542 2038 days
1568 1986 1746 2037 having.

262 2043 500 2095 according
527 2049 570 2083 to
596 2048 782 2090 custom,
810 2048 854 2083 to
881 2044 1101 2083 intervene
1129 2043 1322 2082 between
1349 2041 1422 2080 the.
1447 2041 1750 2091 arraignment

263 2097 350 2137 and
379 2098 451 2137 the
479 2096 577 2136 trial
605 2097 653 2136 of
682 2111 707 2136 a
736 2110 892 2148 person
921 2095 1122 2142 accused,
1152 2096 1252 2135 here.
1296 2095 1357 2135 M.
1388 2093 1561 2133 Caelius
1592 2093 1747 2138 Rufus.

264 2151 452 2191 Cicero's
468 2150 824 2202 correspondent.
885 2150 990 2190 This
1012 2149 1110 2190 trial
1133 2151 1166 2189 is
1189 2148 1374 2189 referred
1398 2152 1442 2188 to
1459 2149 1501 2187 in
1520 2147 1642 2187 Fam.
1659 2148 1747 2187 viii.

270 2208 332 2246 19.
357 2209 397 2245 21.

324 2258 339 2282 ⁶
373 2258 423 2299 L.
451 2258 670 2298 Domitius
694 2257 1034 2305 Ahenobarbus,
1059 2257 1131 2296 the
1154 2255 1307 2296 consul
1328 2255 1396 2295 for
1418 2254 1492 2309 the
1514 2267 1620 2306 year
1642 2254 1748 2304 (54).

327 2317 341 2336 ⁶
373 2314 411 2352 A
436 2317 525 2351 sort
546 2311 595 2351 of
613 2311 900 2363 professional
925 2315 1190 2362 prosecutor.
1257 2309 1325 2361 Cf.
1351 2309 1473 2349 Fam.
1497 2310 1583 2348 viii.
1613 2312 1674 2348 122.
1697 2311 1737 2348 Q,

321 2365 339 2389 ‘¹
372 2366 612 2411 Governor.
641 2379 689 2404 as
718 2365 965 2416 proconsul,
995 2365 1043 2403 of
1068 2364 1226 2415 Syria:
1272 2363 1352 2403 but
1379 2362 1433 2402 he
1461 2361 1548 2401 had
1578 2360 1748 2412 quitted

266 2420 331 2459 his
368 2421 573 2471 province
610 2422 654 2458 in
693 2419 819 2458 order
856 2423 901 2458 to
939 2423 1098 2458 restore
1140 2417 1337 2468 l’toleiny
1376 2415 1556 2456 Auletes
1595 2422 1638 2453 to
1675 2414 1749 2454 the

265 2473 419 2566 ἓποηε
451 2472 499 2512 of
529 2473 692 2524 Egypt,
726 2473 828 2512 with
862 2472 934 2512 the
967 2471 1098 2511 result
1130 2471 1224 2510 that
1258 2471 1385 2521 Syria
1419 2482 1506 2509 was
1539 2465 1749 2509 harassed

298 2541 325 2578 y
348 2528 522 2578 pirates.

269 2597 361 2638 524
