1837 3029
189 1114 235 1153 11

882 174 1133 221 CICERO

263 306 538 367 rescripsit,
565 321 838 367 meamque
866 307 917 350 in
947 305 1174 366 rogando
1202 305 1559 352 verecundiam
1587 304 1754 352 obiur-

266 374 422 433 gavit.
490 370 540 417 Si
559 375 639 418 cui
658 379 927 434 practerea
946 376 1142 434 petiero
1163 372 1234 435 (id
1254 373 1390 435 quod
1410 376 1565 419 etiam
1585 371 1753 435 Oppio

267 438 390 494 dixi,
415 445 472 484 ut
497 439 561 485 ad
585 439 724 485 illum
749 440 1031 502 scriberet),
1055 438 1201 486 facile
1225 443 1392 502 patiar
1415 439 1537 486 mihi
1560 442 1755 503 negari,

267 509 504 568 quoniam
532 505 619 560 illi,
646 509 732 568 qui
757 506 879 552 mihi
905 506 1103 553 molesti
1133 514 1268 562 sunt,
1295 508 1388 553 sibi
1414 510 1590 570 negari
1617 523 1647 553 a
1671 521 1755 552 me

268 589 368 618 non
385 571 531 618 facile
551 576 830 635 patiuntur.
898 567 1008 636 Ego
1028 574 1257 620 Curtium
1277 573 1350 636 (id
1367 574 1503 637 quod
1520 576 1615 637 ipsi
1631 573 1757 636 dixi)

267 656 367 685 non
391 640 540 685 modo
563 644 846 703 rogatione,
867 641 957 687 sed
981 644 1136 687 etiam
1160 644 1452 687 testimonio
1473 648 1564 688 tuo
1586 639 1758 704 diligo,

268 707 403 768 quod
434 706 618 753 litteris
650 711 750 754 tuis
782 708 1006 754 studium
1037 707 1168 754 illius
1198 712 1250 754 in
1281 707 1499 755 salutem
1531 715 1754 754 nostram

264 772 413 819 facile
452 778 704 836 perspexi.
773 774 853 820 De
893 775 1194 821 Britannicis
1232 775 1402 831 rebus,
1440 777 1651 837 cognovi
1693 791 1755 820 ex

264 843 366 886 tuis
387 840 588 896 litteris,
610 841 734 886 nihil
755 858 883 896 esse,
904 858 998 888 nec
1020 843 1157 905 quod
1178 849 1484 898 metuamus,
1507 857 1599 888 nec
1621 841 1757 904 quod

264 907 594 969 gaudeamus.
665 908 744 954 De
784 909 996 971 publicis
1036 912 1272 972 negotiis,
1313 925 1445 971 quae
1485 912 1558 955 vis
1598 908 1662 955 ad
1703 915 1756 954 te

262 975 499 1020 Tironem
520 976 757 1031 scribere,
777 976 1133 1039 neglegentius
1155 977 1219 1022 ad
1240 983 1293 1022 te
1315 983 1435 1022 ante
1456 976 1757 1030 scribebam,

264 1042 401 1104 quod
443 1046 629 1097 onmia,
670 1046 878 1088 minima
918 1047 1158 1098 maxima,
1201 1044 1266 1090 ad
1307 1042 1578 1089 Caesarem
1618 1044 1755 1088 mitti

263 1110 501 1155 sciebam.
571 1110 656 1155 IV.
702 1109 949 1172 Rescripsi
993 1110 1242 1172 epistulae
1283 1114 1552 1156 maximae.
1620 1108 1753 1155 Audi

264 1193 396 1221 nunc
423 1177 487 1222 de
514 1177 794 1223 minuscula
816 1193 827 1232 3
871 1181 922 1222 in
950 1194 1050 1239 qua
1076 1181 1293 1239 primum
1322 1184 1401 1223 est
1427 1177 1491 1224 de
1519 1176 1660 1222 Clodi
1689 1176 1753 1222 ad

262 1242 531 1289 Caesarem
560 1244 744 1289 litteris
768 1260 779 1299 ;
825 1248 875 1290 in
905 1260 1004 1306 quo
1034 1244 1261 1290 Caesaris
1290 1243 1549 1290 consilium
1578 1243 1754 1305 probO,

262 1310 399 1372 quod
435 1312 547 1366 tibi,
584 1314 928 1357 amantissime
964 1315 1182 1373 petenti,
1219 1314 1418 1357 veniam
1455 1327 1555 1356 non
1592 1310 1752 1362 dedit,

262 1380 338 1423 uti
368 1376 524 1423 ullum
556 1378 619 1424 ad
647 1378 783 1423 illam
815 1380 1017 1424 Furiam
1045 1379 1255 1424 verbum
1283 1379 1598 1424 rescriberet.
1666 1376 1751 1422 Al-

261 1450 430 1490 terum
456 1452 533 1490 est
559 1445 622 1491 de
648 1445 879 1492 Calventi
906 1446 1038 1491 Mari
1070 1449 1313 1492 oratione.
1381 1444 1532 1504 Quod
1561 1445 1751 1498 scribis,

260 1515 431 1568 miror,
451 1513 543 1558 tibi
567 1512 785 1574 placere,
806 1529 888 1558 me
913 1514 977 1559 ad
1000 1529 1116 1559 eum
1137 1514 1431 1568 rescribere,
1449 1514 1748 1576 praesertim

259 1593 375 1625 cum
401 1578 537 1625 illam
564 1596 713 1626 nemo
739 1580 960 1626 lecturus
987 1583 1070 1635 sit,
1096 1583 1135 1625 si
1163 1596 1258 1643 ego
1287 1578 1408 1625 nihil
1432 1582 1749 1641 rescripsero,

259 1661 428 1693 meam
457 1649 509 1692 in
539 1646 678 1693 illum
707 1651 850 1710 pueri
881 1663 1075 1703 omnes,
1105 1655 1368 1710 tamquam
1398 1647 1609 1702 dictata,
1636 1661 1749 1709 per-

320 1828 339 1847 ⁰
369 1823 439 1864 He
478 1837 630 1865 means
665 1824 776 1872 that,
812 1825 983 1878 though
1019 1825 1074 1865 he
1109 1827 1143 1865 is
1179 1823 1358 1876 obliged
1390 1828 1438 1865 to
1471 1827 1604 1876 grant
1636 1822 1744 1863 such

258 1883 470 1929 requests‚
487 1878 562 1918 the
585 1877 784 1919 ultimate
806 1892 980 1919 success
1003 1880 1052 1920 of
1067 1879 1175 1919 such
1196 1879 1464 1929 canvassing
1483 1881 1517 1918 is
1539 1891 1566 1918 a
1586 1880 1746 1917 matter

259 1933 309 1972 of
334 1945 391 1971 no
411 1945 597 1972 concern
619 1937 665 1972 to
686 1933 802 1978 him;
837 1932 897 1972 “I
919 1946 1105 1973 canvass
1126 1934 1194 1972 for
1214 1932 1334 1972 them
1355 1931 1496 1972 under
1516 1943 1742 1984 pressure:

264 1987 302 2026 if
323 1984 396 2026 the
419 1999 605 2026 canvass
637 1989 670 2027 is
701 1987 752 2027 of
777 2000 834 2027 no
860 1987 990 2034 avail,
1012 2000 1133 2027 serve
1152 1986 1274 2027 them
1295 1985 1414 2038 right
1432 1987 1502 2026 for
1520 1985 1744 2038 pestering

258 2039 376 2079 me.''

314 2094 329 2117 ⁶
362 2092 616 2134 Calventius
638 2094 706 2145 (so
725 2093 867 2134 called
891 2095 1006 2134 after
1036 2094 1102 2134 his
1133 2091 1349 2134 maternal
1373 2090 1686 2146 grandfather)
1705 2092 1740 2131 is

257 2147 307 2187 L.
332 2146 599 2199 Calpurnius
624 2148 723 2189 Piso
744 2148 1032 2194 Caesoninus,
1059 2148 1203 2188 whom
1230 2148 1383 2188 Cicero
1411 2145 1502 2187 had
1530 2144 1739 2186 attacked

256 2200 330 2241 the
371 2215 475 2251 year
514 2201 664 2242 before
713 2202 806 2253 (55)
853 2203 922 2242 for
971 2202 1037 2241 his
1087 2200 1304 2241 misdeeds
1345 2213 1393 2241 as
1431 2212 1650 2253 governor
1692 2199 1742 2239 of

260 2254 529 2295 Macedonia
558 2257 600 2295 in
632 2258 684 2295 57
717 2256 805 2295 and
834 2258 903 2295 56.
962 2255 1097 2306 (That
1128 2256 1162 2295 is
1191 2254 1266 2295 the
1295 2253 1455 2306 speech
1485 2251 1739 2294 mentioned

250 2308 343 2359 just
374 2307 549 2359 below.)
607 2309 760 2349 Cicero
790 2309 892 2349 here
921 2308 1028 2349 calls
1068 2309 1159 2348 him
1197 2308 1390 2355 Illarim,
1421 2308 1608 2348 because
1638 2305 1740 2346 Piso

255 2375 344 2402 was
376 2376 472 2401 now
493 2367 539 2401 to
561 2362 650 2401 him
684 2363 801 2402 what
834 2362 1006 2402 Marius
1037 2362 1123 2402 had
1157 2376 1265 2403 once
1295 2361 1405 2412 been
1436 2358 1735 2401 to‘Metellus.

254 2415 347 2456 The
367 2420 488 2467 story
513 2418 546 2456 is
568 2432 615 2455 as
636 2415 830 2457 follows:
873 2417 925 2456 In
960 2422 1038 2456 100
1070 2430 1147 2457 13.c.
1170 2416 1226 2465 Q.
1252 2414 1455 2456 Metellus
1476 2413 1738 2455 Numidicus

259 2468 431 2509 refused
461 2473 506 2509 to
535 2469 640 2509 take
670 2470 741 2510 the
771 2469 873 2510 oath
904 2469 954 2509 of
978 2469 1214 2510 obedience
1243 2474 1288 2509 to
1317 2469 1389 2509 the
1409 2469 1613 2520 agrarian
1633 2466 1737 2507 laws

257 2523 307 2562 of
342 2522 619 2568 Saturninus.
653 2523 725 2562 th<¹
763 2523 974 2563 adherent
1012 2524 1061 2563 of
1095 2524 1142 2563 C.
1182 2523 1362 2563 Marius.
1407 2520 1609 2562 Metellus
1649 2531 1737 2560 was

260 2591 352 2634 558
