1837 3029
848 148 1099 196 CICERO

228 298 394 344 neque
427 279 551 343 legis
581 279 980 340 improbissimae
1013 293 1177 338 poena
1208 276 1457 323 deductus
1490 283 1585 331 est,
1616 294 1716 339 quo

229 376 393 418 minus
416 369 601 431 hospiti
626 375 679 415 et
703 370 954 413 amicitiae
973 368 1053 412 ius
1075 366 1392 429 officiumque
1415 372 1714 428 praestaret.

233 463 363 508 Huic
404 463 597 507 utinam
641 457 910 521 aliquando
950 460 1167 519 gratiam
1209 455 1398 503 referre
1438 457 1714 518 possimus!

187 561 211 600 3
237 552 533 598 habebimus
596 548 802 611 quidem
867 563 1082 608 semper.
1183 546 1446 593 Brundisio
1505 546 1716 608 profecti

231 659 402 690 sumus
448 639 608 702 pridie
657 637 912 684 Kalendas
960 636 1140 683 Maias.
1222 635 1318 683 Per
1365 636 1718 684 Macedoniam

231 734 466 796 Cyzicum
515 730 834 792 petebamus.
902 729 946 774 O
997 744 1078 773 nie
1124 727 1413 789 perditum!
1481 728 1526 774 O
1572 727 1720 774 afflic-

234 822 377 870 tum!
436 820 557 883 quid
601 836 733 865 nunc
776 834 949 881 rogem
999 824 1071 872 te,
1116 823 1173 863 ut
1222 819 1410 872 venias,
1459 816 1718 863 mulierem

235 929 458 976 aegram,
514 917 568 957 et
622 925 828 972 corpore
885 915 939 954 et
994 911 1161 954 animo
1215 906 1540 954 confectam?
1609 908 1720 955 Non

236 1002 450 1065 rogem?
500 1004 606 1047 sine
638 1006 691 1045 te
723 1002 877 1062 igitur
906 998 1040 1044 sim?
1109 998 1319 1060 Opinor‚
1350 1000 1418 1044 sic
1449 1013 1633 1061 agam;
1681 1002 1719 1045 si

239 1100 315 1139 est
334 1109 447 1154 spes
467 1093 621 1137 nostri
641 1089 852 1143 reditus,
871 1105 982 1134 eam
1002 1087 1265 1134 confirmes
1285 1094 1339 1134 et
1356 1104 1460 1134 rem
1483 1088 1688 1134 adiuves
1710 1103 1721 1144 ;

238 1186 330 1237 siu,
373 1189 429 1228 ut
470 1198 565 1244 ego
606 1186 798 1234 metuo,
839 1185 1150 1224 transactum
1194 1184 1289 1232 est,
1331 1195 1532 1240 quoquo
1573 1178 1722 1226 modo

239 1280 402 1336 potes,
441 1271 504 1318 ad
542 1288 623 1316 me
662 1269 740 1315 fae
780 1272 964 1315 venias.
1035 1268 1206 1314 Unum
1245 1266 1338 1314 hoc
1376 1271 1535 1314 scito:
1591 1272 1630 1315 si
1670 1277 1722 1316 te

240 1363 455 1417 habebo,
489 1379 587 1408 non
620 1359 741 1407 mihi
777 1360 983 1406 videbor
1014 1358 1164 1421 plane
1197 1361 1402 1420 perisse.
1469 1358 1569 1405 Sed
1602 1360 1723 1422 quid

239 1455 303 1502 de
327 1452 539 1500 Tulliola
560 1468 675 1498 mea
702 1451 790 1497 fiet
813 1451 830 1496 ?
873 1453 972 1496 iarn
998 1450 1048 1496 id
1075 1466 1158 1496 vos
1185 1449 1354 1496 videte
1378 1464 1390 1505 3
1432 1448 1552 1495 mihi
1578 1450 1724 1498 deest

239 1544 514 1592 eonsilium.
581 1542 681 1589 Sed
710 1549 866 1597 certe,
895 1558 1098 1604 quoquo
1127 1541 1277 1587 niodo
1306 1556 1360 1587 se
1389 1557 1468 1587 res
1497 1539 1724 1598 habebit,

240 1636 368 1682 illius
403 1633 628 1681 misellae
666 1640 720 1680 et
755 1635 1075 1679 matrimonio
1113 1638 1166 1678 et
1201 1630 1369 1678 famae
1405 1633 1723 1680 serviendum

244 1735 336 1774 est.
404 1725 578 1784 Quid?
647 1724 820 1770 Cicero
867 1740 1009 1769 meus
1056 1722 1178 1786 quid
1225 1722 1387 1786 aget?
1455 1722 1560 1769 Iste
1609 1740 1726 1771 vero

243 1820 376 1864 sitin
396 1820 505 1863 sinu
525 1831 725 1877 semper
745 1821 798 1860 et
816 1813 1082 1875 complexu
1102 1830 1231 1860 meo.
1301 1812 1414 1860 Non
1433 1830 1565 1876 queo
1584 1813 1726 1876 plura

244 1912 342 1954 iam
393 1907 644 1960 seribere;
710 1905 923 1966 impedit
973 1920 1184 1950 maeror.
1251 1903 1326 1949 Tu
1375 1903 1496 1966 quid
1547 1908 1726 1966 egeris,

245 2001 412 2045 nescio
436 2012 446 2053 ;
489 2004 653 2043 utrum
678 1995 865 2058 aliquid
887 2002 1083 2049 teneas,
1105 2011 1186 2049 an,
1208 1994 1343 2057 quod
1365 2000 1556 2048 metuo,
1578 1994 1727 2056 plane

199 2098 222 2136 4
246 2093 309 2136 sis
338 2088 568 2151 spoliata.
636 2087 886 2142 Pisonem,
916 2093 973 2132 ut
1001 2086 1191 2140 scribis,
1218 2101 1365 2147 spero
1393 2083 1499 2131 fore
1529 2102 1729 2148 semper

247 2187 488 2226 nostrum.
558 2180 637 2225 De
685 2177 872 2223 familia
920 2176 1133 2223 liberata
1181 2174 1302 2221 nihil
1349 2182 1445 2231 est,
1492 2176 1627 2238 quod
1674 2183 1728 2223 te

247 2277 464 2317 moveat.
532 2270 773 2324 Primum,
812 2271 911 2314 tuis
950 2270 1023 2314 ita
1062 2269 1359 2330 promissum
1400 2273 1495 2321 est,
1535 2272 1588 2312 te
1627 2264 1726 2313 fac-

248 2369 412 2408 turam
453 2377 580 2415 esse,
618 2367 675 2406 ut
712 2363 924 2422 quisque
962 2365 1098 2405 esset
1132 2360 1358 2404 meritus.
1426 2357 1518 2403 Est
1555 2364 1727 2404 autem

246 2456 296 2499 in
333 2452 492 2499 officio
529 2450 692 2498 adhuc
729 2449 998 2513 Orpheus;
1050 2456 1319 2513 praeterea
1354 2464 1540 2512 magno
1575 2464 1728 2511 opere

262 2559 353 2613 196
