1868 3040
936 183 1188 230 CICERO

318 324 428 356 esse
454 317 594 357 certo
619 314 738 366 scio,
765 328 846 357 me
873 314 1037 374 ipsum
1066 328 1127 358 ex
1157 319 1246 358 tua
1273 329 1395 376 erga
1422 312 1693 359 Lucceium
1719 313 1804 359 be-

269 389 294 428 2
318 387 586 446 nignitate,
619 389 841 431 maxima
874 386 1135 448 voluptate
1168 388 1309 433 affici.
1376 386 1527 445 Quod
1558 394 1806 450 superest,

317 475 626 521 quamquam
664 459 785 506 mihi
823 477 923 507 non
962 468 1041 508 est
1077 461 1305 518 dubium,
1343 465 1465 525 quin
1500 479 1616 509 cum
1653 469 1806 509 antea

319 541 487 580 nostra
509 551 676 590 causa,
698 551 829 581 nunc
848 538 949 581 iam
971 539 1126 582 etiam
1147 544 1268 583 tuae
1289 540 1605 584 constantiae
1624 541 1806 601 gratia,

318 624 580 654 mansurus
615 612 679 655 sis
714 612 766 655 in
802 610 982 656 eadem
1018 613 1116 657 ista
1149 610 1474 667 liberalitate,
1507 618 1683 658 tamen
1718 612 1806 658 abs

319 689 370 729 te
403 682 731 730 vehementer
759 688 914 731 etiam
944 691 1099 747 atque
1130 689 1285 731 etiam
1313 693 1453 748 peto,
1482 693 1540 732 ut
1569 702 1646 742 ea,
1675 702 1806 748 quae

318 760 460 803 initio
481 759 746 805 ostendisti
767 759 1108 822 deincepsque
1129 759 1310 816 fecisti,
1332 761 1396 807 ad
1417 764 1612 807 exitum
1632 764 1805 824 augeri

319 839 371 877 ct
399 832 639 879 cumulari
669 850 759 896 per
786 841 840 880 te
869 834 1005 881 veliS.
1069 834 1129 881 Id
1157 842 1211 882 et
1240 834 1456 882 Lucceio
1484 843 1538 882 et
1566 835 1807 898 Pompeio

317 906 463 952 valde
490 915 693 970 gratum
721 907 846 964 fore,
873 916 1029 972 teque
1059 910 1194 972 apud
1223 926 1307 956 eos
1334 909 1591 972 praeclare
1618 914 1807 972 positu·

318 998 427 1028 rum
459 983 696 1030 confirmo
729 991 782 1030 et
811 985 1051 1047 spondeo.
1119 985 1198 1031 De
1229 985 1503 1048 republica,
1534 985 1700 1048 deque
1731 985 1805 1032 his

319 1061 534 1119 negotiis
570 1060 1063 1123 cogitationibusque
1101 1063 1281 1106 nostris
1317 1063 1704 1123 perscripseram
1742 1060 1805 1107 ad

319 1139 371 1177 te
421 1131 691 1196 diligenter
739 1138 909 1196 paucis
960 1143 1079 1181 ante
1129 1135 1325 1192 diebus,
1375 1150 1562 1199 easque
1610 1134 1806 1182 litteras

318 1206 559 1253 dederam
583 1212 750 1270 pueris
774 1212 889 1256 tuis.
957 1208 1097 1256 Vale.

992 1420 1140 1468 XLII

570 1563 625 1597 M.
662 1566 706 1597 Τ.
743 1567 783 1598 C.
820 1566 857 1598 S.
895 1566 938 1598 P.
977 1566 1023 1598 D.
1061 1566 1101 1598 L.
1138 1566 1379 1597 CULLEOLO
1413 1566 1554 1600 PROC.

838 1679 1022 1727 Romae,
1042 1694 1174 1720 A.u.c.
1196 1682 1293 1720 695.

270 1791 289 1831 1
383 1784 438 1831 L.
494 1785 736 1831 Lucceius
788 1802 948 1840 meus,
1000 1784 1149 1831 homo
1201 1788 1424 1831 omnium
1475 1788 1806 1848 gratissimus,

316 1860 545 1906 mirificas
590 1861 682 1907 tibi
729 1860 863 1922 apud
909 1876 989 1906 me
1034 1863 1222 1922 gratias
1269 1863 1392 1922 egit,
1436 1876 1550 1906 cum
1596 1860 1805 1916 diceret,

315 1939 483 1981 onmia
497 1943 550 1982 te
565 1935 957 1981 cumulatissime
975 1942 1027 1981 et
1041 1935 1385 1981 liberalissime
1399 1936 1805 1997 procuratoribus

314 2014 413 2056 suis
448 2010 722 2072 pollicitum
760 2027 884 2056 esse.
955 2009 1082 2056 Cum
1117 2013 1277 2056 oratio
1311 2016 1402 2056 tua
1435 2016 1542 2056 tam
1578 2013 1624 2056 ei
1656 2017 1805 2074 grata

315 2084 484 2140 fuerit,
512 2102 662 2148 quam
690 2092 889 2147 gratam
916 2101 1022 2130 rem
1050 2088 1210 2146 ipsam
1237 2087 1494 2130 existimas
1521 2082 1646 2140 fore,
1671 2101 1804 2142 cum,

317 2167 372 2205 ut
410 2176 573 2221 spero,
613 2176 743 2222 quae
783 2159 1031 2221 pollicitus
1072 2175 1142 2214 eS,
1180 2157 1399 2205 feceris?
1471 2158 1691 2205 Omnino
1729 2176 1804 2206 os-

315 2235 592 2280 tenderunt
623 2234 892 2289 Bulliones,
923 2250 1034 2280 sese
1069 2233 1283 2280 Lucceio
1316 2232 1525 2296 Pompei
1557 2234 1803 2281 arbitratu

377 2358 394 2376 ⁰
428 2352 468 2392 It
489 2365 677 2404 appears
700 2352 795 2391 that
818 2352 891 2392 the
915 2352 1186 2392 inhabitants
1210 2352 1260 2391 of
1281 2350 1418 2390 Bullis
1440 2351 1486 2402 (a
1509 2355 1625 2391 town
1649 2365 1705 2392 on
1729 2352 1803 2393 the

317 2411 439 2447 coast
465 2407 515 2445 of
541 2406 704 2457 illyria,
733 2407 777 2445 S.
807 2407 857 2445 of
880 2405 1131 2457 Apollonia)
1161 2405 1284 2445 owed
1313 2419 1473 2456 money
1500 2410 1544 2445 to
1575 2405 1802 2454 Lucceius,

317 2460 405 2500 and
429 2460 514 2500 had
536 2459 754 2512 promised
777 2465 821 2499 to
843 2473 930 2512 pay
953 2463 998 2506 it,
1020 2460 1100 2500 but
1120 2459 1378 2499 Culleolus's
1399 2460 1558 2499 official
1577 2461 1802 2513 authority

319 2514 462 2554 would
487 2517 678 2554 increase
699 2514 771 2554 the
794 2519 1017 2566 prospects
1038 2515 1088 2553 of
1107 2516 1159 2554 its
1181 2513 1314 2565 being
1335 2513 1453 2565 paid.

326 2588 415 2626 11⁶2
