1837 3029
863 175 1113 223 CICERO

249 314 472 361 Sentitur,
498 305 619 353 dicit
643 323 653 353 t
698 305 780 350 οὒκ
819 306 948 351 ἔστιν
998 305 1134 367 ἡδέως
1179 305 1287 352 ἄνευ
1330 305 1413 352 τοῧ
1458 305 1612 354 καλῶς
1657 304 1734 351 καὶ

201 401 226 441 3
252 392 436 442 δικαίως
464 394 556 454 ζῆι.
627 394 807 456 Itaque
857 401 910 440 et
954 393 1133 448 Pansa,
1166 397 1249 456 qui
1282 392 1455 455 ἡδονήν
1493 395 1738 456 sequitur,

252 483 489 527 virtutem
511 485 716 536 retinet,
737 488 790 527 et
814 484 864 536 ii,
884 484 968 544 qui
993 498 1023 527 a
1042 482 1180 528 vobis
1201 482 1456 543 φιλήδονοι
1480 487 1738 534 vocantur,

250 575 367 614 sunt
398 568 664 626 φιλόκαλοι,
693 568 769 614 καὶ
796 569 1113 627 φιλοδίκαιοι,
1137 585 1413 631 omnesque
1443 571 1655 615 virtutes
1685 574 1738 614 et

249 655 420 701 colunt
445 663 498 702 et
521 659 760 702 retinent.
821 656 1002 719 Itaque
1027 655 1180 712 Sulla,
1203 659 1342 704 cuius
1366 656 1602 703 iudicium
1627 671 1737 717 pro-

251 743 370 788 bare
418 744 680 799 debemus,
711 761 824 790 cum
873 745 1138 791 dissentire
1174 742 1494 807 philosophos
1525 743 1737 795 videret,

251 847 349 876 non
394 833 627 894 quaesiit,
672 832 793 894 quid
836 832 1022 878 bonum
1069 839 1221 888 esset,
1264 831 1354 879 sed
1396 833 1564 878 onmia
1605 830 1737 876 bona

249 921 471 973 coemit3
523 922 662 965 cuius
697 936 792 982 ego
825 927 1040 967 mortem
1075 919 1192 966 forti
1226 917 1538 966 mehercules
1572 919 1737 964 animo

250 1005 358 1051 tuli.
422 1006 528 1052 Nec
556 1013 730 1052 tamen
760 1006 944 1054 Caesar
971 1008 1160 1054 diutius
1188 1024 1277 1053 nos
1306 1023 1422 1053 eum
1451 1006 1738 1054 desiderare

250 1096 488 1154 patietur.
554 1093 682 1140 Nam
714 1093 871 1141 habet
899 1095 1184 1150 damnatos,
1213 1111 1337 1158 quos
1366 1111 1456 1158 pro
1484 1093 1567 1141 illo
1595 1093 1737 1139 nobis

251 1184 506 1236 restituat,
533 1199 625 1228 nee
662 1185 767 1244 ipse
805 1190 1052 1229 sectorem
1090 1183 1417 1238 desiderabit,
1441 1198 1555 1228 cum
1582 1180 1736 1227 filium

199 1277 225 1316 4
251 1269 446 1315 viderit.
513 1269 675 1325 Nune,
707 1276 765 1316 ut
795 1271 859 1317 ad
889 1270 1251 1333 rempublicam
1281 1270 1506 1325 redeam,
1537 1268 1657 1331 quid
1687 1271 1737 1313 in

252 1355 506 1418 Hispaniis
541 1364 766 1420 geratur,
802 1359 1034 1404 rescribe.
1107 1357 1336 1413 Peream,
1372 1360 1464 1403 nisi
1501 1355 1738 1403 sollicitus

251 1460 379 1499 sum,
397 1460 453 1490 ae
472 1443 602 1491 malo
622 1452 845 1492 veterem
865 1452 918 1492 et
935 1445 1240 1493 elementem
1258 1446 1515 1493 dominum
1532 1443 1738 1498 habere,

252 1548 403 1593 quam
446 1549 630 1578 novum
673 1540 727 1579 et
766 1532 1022 1580 crudelem
1065 1536 1297 1596 experiri.
1371 1532 1493 1588 Scis,
1535 1532 1739 1578 Gnaeus

252 1635 404 1681 quam
420 1622 485 1666 sit
499 1619 670 1667 fatuus
693 1635 705 1675 ;
737 1623 848 1677 scis,
863 1621 1116 1684 quomodo
1129 1620 1483 1668 crudelitatem
1498 1622 1738 1666 virtutem

252 1713 401 1768 putet
425 1721 436 1762 ;
480 1710 591 1763 seis,
617 1725 770 1771 quam
797 1724 850 1755 se
877 1725 1078 1772 semper
1104 1726 1133 1756 a
1158 1709 1300 1756 nobis
1327 1709 1547 1756 derisum
1573 1712 1738 1770 putet.

254 1794 459 1849 Vereor,
492 1812 555 1841 ne
603 1813 692 1842 nos
740 1799 924 1843 rustice
956 1796 1124 1860 gladio
1158 1796 1280 1844 velit
1326 1794 1738 1857 ἀντιμυκτηρίσυ.ι.

254 1880 388 1938 Quid
421 1882 527 1937 fiat,
559 1886 598 1929 si
630 1900 712 1930 me
744 1883 926 1947 diligis,
957 1885 1189 1931 rescribe.
1256 1884 1376 1936 Hui,
1408 1900 1559 1946 quam
1592 1881 1736 1928 velim

253 1972 396 2024 scire,
441 1977 608 2016 utrum
652 1974 750 2017 ista
791 1971 1001 2018 sollicito
1045 1975 1211 2018 animo
1255 1989 1319 2018 an
1361 1971 1525 2018 soluto
1567 1969 1737 2033 legas!

254 2059 406 2103 sciam
433 2060 566 2103 enim
593 2059 772 2105 eodem
798 2060 1183 2122 tempore‚quid
1209 2075 1289 2106 me
1306 2057 1472 2106 facere
1489 2064 1738 2120 oporteat.

257 2144 333 2189 Ne
361 2143 554 2208 longior
580 2149 691 2200 sim,
720 2145 828 2192 vale
852 2162 864 2201 3
908 2163 1009 2203 me,
1037 2154 1095 2193 ut
1121 2145 1261 2203 facis,
1288 2163 1418 2193 ama.
1477 2145 1529 2192 Si
1556 2145 1736 2191 Caesar

257 2234 390 2286 vicit,
413 2232 645 2278 celeriter
668 2250 748 2280 me
774 2241 1030 2297 exspecta.

604 2397 625 2419 ⁸
654 2393 737 2435 See
760 2399 860 2435 note
880 2409 907 2434 a
927 2408 983 2435 on
1005 2394 1090 2446 Ep.
1117 2397 1180 2435 17.
1201 2398 1227 2436 2
1248 2394 1404 2437 above.

800 2449 817 2473 ⁶
848 2448 1085 2501 Pompey's
1103 2461 1199 2490 son.

264 2582 361 2632 306
