1837 3029
878 210 1128 257 CICERO

256 339 517 402 disciplina
556 346 728 401 potest
766 342 1015 385 sustinere
1056 342 1106 384 in
1146 339 1296 385 rebus
1336 340 1621 387 statuendis
1661 339 1744 387 de-

255 420 621 483 cernendisque
658 436 770 466 earn
807 422 1150 474 severitatem,
1188 436 1288 482 qua
1323 426 1381 466 tu
1417 423 1468 466 in
1503 423 1562 467 iis
1597 421 1745 468 rebus

255 517 372 547 usus
402 517 473 556 es,
504 517 567 547 ex
598 501 779 563 quibus
809 499 1071 546 nonnullas
1102 499 1386 546 simultates
1416 517 1529 547 cum
1560 517 1746 565 magna

255 598 369 628 mea
422 580 619 627 laetitia
671 587 930 642 susceptas
984 579 1245 626 habemus.
1316 580 1420 626 Nisi
1476 579 1608 627 forte
1662 597 1744 627 me

256 660 439 708 Paconi
473 663 640 707 nescio
674 663 831 716 cuius,
867 659 1080 706 hominis
1116 676 1178 706 ne
1217 660 1396 707 Graeci
1432 661 1655 724 quidem,
1692 667 1745 708 at

258 741 411 805 Mysii
435 747 525 788 aut
548 740 760 804 Phrygis
785 743 969 803 potius,
994 739 1228 804 querellis
1252 744 1440 787 moveri
1464 748 1631 803 putas,
1656 749 1745 788 aut

252 821 483 877 Tusceni,
513 820 726 867 hominis
758 820 928 867 furiosi
961 837 1017 867 ac
1049 821 1251 876 sordidi,
1278 821 1498 876 vocibus,
1522 824 1661 868 cuius
1686 828 1742 868 tu

254 918 315 948 ex
332 904 676 964 impurissimis
693 900 920 948 faucibus
937 900 1394 947 inhonestissimam
1410 902 1741 964 cupiditatem

176 989 230 1028 20
254 985 480 1044 eripuisti
535 999 731 1028 summa
785 999 899 1028 cum
956 985 1232 1044 aequitate.
1303 981 1416 1027 VII.
1476 981 1634 1038 Haec,
1690 989 1743 1029 et

252 1070 424 1110 cetera
459 1061 609 1125 plena
645 1065 946 1117 severitatis,
984 1078 1114 1124 quae
1152 1065 1373 1108 statuisti
1412 1065 1462 1108 in
1498 1065 1595 1109 ista
1632 1079 1741 1125 pro-

254 1146 429 1196 vincia,
463 1160 562 1189 non
595 1142 740 1189 facile
774 1145 879 1188 sine
914 1159 1111 1188 summa
1142 1145 1440 1205 integritate
1473 1146 1741 1190 sustinere-

252 1240 377 1270 mus.
446 1223 615 1281 Quare
655 1226 720 1269 sit
758 1239 954 1269 summa
992 1226 1042 1268 in
1080 1226 1187 1268 iure
1227 1223 1444 1269 dicundo
1482 1227 1740 1279 severitas,

250 1304 523 1351 dummodo
571 1319 631 1350 ea
677 1319 741 1349 ne
788 1306 1009 1349 varietur
1053 1306 1237 1366 gratia,
1282 1303 1371 1349 sed
1418 1311 1740 1350 conservetur

250 1384 543 1447 aequabilis.
611 1382 711 1430 Sed
744 1390 918 1429 tamen
952 1386 1090 1445 parvi
1124 1382 1281 1429 refert
1316 1384 1403 1429 abs
1438 1390 1490 1430 te
1525 1387 1631 1446 ipso
1665 1388 1739 1430 ius

251 1465 347 1511 dici
380 1464 714 1527 aequabiliter
747 1471 800 1510 et
832 1463 1120 1527 diligenter,
1154 1466 1245 1509 nisi
1279 1464 1413 1510 idem
1448 1464 1511 1510 ab
1544 1467 1600 1510 iis
1634 1464 1739 1520 fiet,

251 1546 432 1607 quibus
463 1551 519 1591 tu
553 1548 659 1591 eius
690 1547 910 1590 muneris
942 1543 1161 1607 aliquam
1191 1551 1391 1605 partem
1421 1549 1735 1592 concesseris.

250 1626 325 1671 Ac
363 1625 483 1670 mihi
523 1625 729 1687 quidem
768 1625 966 1670 videtur
1005 1641 1104 1670 non
1143 1640 1264 1670 sane
1301 1641 1488 1687 magna
1524 1628 1738 1672 varietas

249 1722 358 1752 esse
389 1708 708 1768 negotiorum
738 1708 790 1750 in
821 1705 1218 1751 administranda
1249 1705 1387 1760 Asia,
1418 1705 1508 1752 sed
1539 1721 1600 1751 ea
1627 1712 1737 1753 tota

247 1786 588 1832 iurisdictione
641 1788 860 1831 maxime
914 1788 1164 1831 sustineri.
1235 1784 1293 1831 In
1347 1801 1447 1848 qua
1497 1788 1737 1833 scientiae

247 1869 544 1928 praesertim
571 1864 883 1928 provincialis
910 1869 1038 1912 ratio
1065 1868 1172 1928 ipsa
1200 1865 1441 1928 expedita
1468 1873 1546 1913 est
1568 1881 1580 1922 ;
1623 1883 1736 1914 con-

246 1949 436 1993 stantia
466 1953 544 1992 est
574 1945 862 1992 adhibenda
892 1952 945 1992 et
974 1949 1213 2009 gravitas,
1243 1962 1374 2008 quae
1405 1949 1608 1993 resistat
1637 1964 1734 1994 non

169 2034 218 2074 21
245 2025 403 2072 solum
429 2029 642 2089 gratiae,
667 2042 839 2071 verum
867 2029 1020 2072 etiam
1046 2028 1328 2088 suspicioni.
1396 2026 1736 2089 Adiungenda

247 2110 401 2152 etiam
425 2114 502 2152 est
524 2105 736 2153 facilitas
759 2110 809 2152 in
833 2107 1101 2161 audiendo,
1124 2106 1304 2152 lenitas
1327 2109 1378 2152 in
1400 2107 1735 2164 decernendo,

247 2189 294 2232 in
322 2185 676 2233 satisfaciendo
705 2203 761 2233 ac
788 2187 1093 2249 disputando
1121 2186 1399 2250 diligentia.
1468 2186 1559 2233 His
1585 2189 1733 2235 rebus

246 2283 406 2329 nuper
447 2267 501 2314 C.
546 2266 786 2314 Octavius
826 2267 1210 2313 iucundissimus
1251 2265 1365 2322 fuit,
1407 2267 1542 2329 apud
1582 2284 1732 2331 quem

308 2390 326 2408 ⁶
357 2384 439 2425 See
460 2389 561 2425 note
583 2385 604 2424 b
626 2399 682 2425 on
705 2389 723 2432 ἓ
744 2389 785 2425 2.

309 2437 325 2462 ⁶
356 2438 449 2478 The
470 2439 613 2479 father
634 2440 684 2479 of
702 2440 946 2491 Augustus,
972 2453 1069 2480 now
1091 2443 1266 2491 praetor
1284 2439 1327 2479 in
1352 2438 1631 2487 Macedonia,
1654 2440 1734 2482 but

249 2491 323 2533 the
338 2492 477 2533 above
490 2507 677 2545 passage
694 2494 825 2533 refers
840 2498 884 2533 to
902 2494 1020 2534 what
1038 2494 1091 2534 he
1107 2493 1182 2534 did
1198 2493 1323 2534 when
1340 2497 1516 2545 praetor
1530 2497 1576 2534 at
1594 2494 1734 2538 Rome

250 2546 399 2588 before
419 2547 473 2588 he
495 2547 571 2588 lest
591 2548 658 2588 for
683 2547 962 2590 Macedonia.

255 2617 348 2658 408
