<?xml version="1.0" encoding="UTF-8"?>
<!DOCTYPE html PUBLIC "-//W3C//DTD XHTML 1.0 Transitional//EN"
    "http://www.w3.org/TR/xhtml1/DTD/xhtml1-transitional.dtd">
<html xmlns="http://www.w3.org/1999/xhtml" xml:lang="en" lang="en">
 <head>
  <title>
</title>
<meta http-equiv="Content-Type" content="text/html;charset=utf-8" />
  <meta name='ocr-system' content='tesseract 3.04.00' />
  <meta name='ocr-capabilities' content='ocr_page ocr_carea ocr_par ocr_line ocrx_word'/>
</head>
<body>
  <div class='ocr_page' id='page_1' title='image "./letterstohisfrie03ciceuoft_0044.png"; bbox 0 0 1868 3040; ppageno 0'>
   <div class='ocr_carea' id='block_1_1' title="bbox 890 182 1143 230">
    <p class='ocr_par' dir='ltr' id='par_1_1' title="bbox 890 182 1143 230">
     <span class='ocr_line' id='line_1_1' title="bbox 890 182 1143 230; baseline 0 0"><span class='ocrx_word' id='word_1_1' title='bbox 890 182 1143 230; x_wconf 89' lang='lat' dir='ltr'>CICERO</span> 
     </span>
    </p>
   </div>
   <div class='ocr_carea' id='block_1_2' title="bbox 225 312 1766 1906">
    <p class='ocr_par' dir='ltr' id='par_1_2' title="bbox 274 312 1756 374">
     <span class='ocr_line' id='line_1_2' title="bbox 274 312 1756 374; baseline -0.001 -16"><span class='ocrx_word' id='word_1_2' title='bbox 274 312 471 359; x_wconf 78' lang='lat' dir='ltr'>laborat</span> <span class='ocrx_word' id='word_1_3' title='bbox 493 328 504 358; x_wconf 73' lang='grc' dir='ltr'><strong>ε</strong></span> <span class='ocrx_word' id='word_1_4' title='bbox 547 315 598 358; x_wconf 90' lang='lat' dir='ltr'>in</span> <span class='ocrx_word' id='word_1_5' title='bbox 624 328 724 374; x_wconf 91' lang='lat' dir='ltr'>quo</span> <span class='ocrx_word' id='word_1_6' title='bbox 750 314 947 358; x_wconf 84' lang='lat' dir='ltr'>etiamsi</span> <span class='ocrx_word' id='word_1_7' title='bbox 973 318 1168 373; x_wconf 83' lang='lat' dir='ltr'>peccat,</span> <span class='ocrx_word' id='word_1_8' title='bbox 1193 313 1353 374; x_wconf 87' lang='lat' dir='ltr'>magis</span> <span class='ocrx_word' id='word_1_9' title='bbox 1377 314 1580 373; x_wconf 83' lang='lat' dir='ltr'>ineptiis</span> <span class='ocrx_word' id='word_1_10' title='bbox 1605 327 1756 374; x_wconf 90' lang='lat' dir='ltr'>quam</span> 
     </span>
    </p>

    <p class='ocr_par' dir='ltr' id='par_1_3' title="bbox 225 390 1766 1584">
     <span class='ocr_line' id='line_1_3' title="bbox 225 390 1756 455; baseline -0.003 -13"><span class='ocrx_word' id='word_1_11' title='bbox 225 404 250 442; x_wconf 88' lang='lat'><strong>6</strong></span> <span class='ocrx_word' id='word_1_12' title='bbox 274 394 598 455; x_wconf 79' lang='lat' dir='ltr'>improbitate</span> <span class='ocrx_word' id='word_1_13' title='bbox 632 399 825 454; x_wconf 84' lang='lat' dir='ltr'>peccat.</span> <span class='ocrx_word' id='word_1_14' title='bbox 893 390 994 438; x_wconf 85' lang='lat' dir='ltr'>Sed</span> <span class='ocrx_word' id='word_1_15' title='bbox 1027 407 1091 437; x_wconf 89' lang='lat' dir='ltr'>ne</span> <span class='ocrx_word' id='word_1_16' title='bbox 1125 391 1269 453; x_wconf 86' lang='lat' dir='ltr'>plura</span> <span class='ocrx_word' id='word_1_17' title='bbox 1300 391 1590 454; x_wconf 90' lang='lat' dir='ltr'>(dicendum</span> <span class='ocrx_word' id='word_1_18' title='bbox 1624 395 1756 438; x_wconf 90' lang='lat' dir='ltr'>enim</span> 
     </span>
     <span class='ocr_line' id='line_1_4' title="bbox 275 472 1759 536; baseline 0.001 -17"><span class='ocrx_word' id='word_1_19' title='bbox 275 474 544 536; x_wconf 88' lang='lat' dir='ltr'>aliquando</span> <span class='ocrx_word' id='word_1_20' title='bbox 592 473 708 535; x_wconf 86' lang='lat' dir='ltr'>est),</span> <span class='ocrx_word' id='word_1_21' title='bbox 757 472 1087 534; x_wconf 88' lang='lat' dir='ltr'>Pomponium</span> <span class='ocrx_word' id='word_1_22' title='bbox 1135 473 1363 518; x_wconf 82' lang='lat' dir='ltr'>Atticum</span> <span class='ocrx_word' id='word_1_23' title='bbox 1409 475 1478 519; x_wconf 90' lang='lat' dir='ltr'>sic</span> <span class='ocrx_word' id='word_1_24' title='bbox 1525 489 1656 529; x_wconf 86' lang='lat' dir='ltr'>amo,</span> <span class='ocrx_word' id='word_1_25' title='bbox 1701 479 1759 520; x_wconf 82' lang='lat' dir='ltr'>ut</span> 
     </span>
     <span class='ocr_line' id='line_1_5' title="bbox 276 552 1759 600; baseline 0 0"><span class='ocrx_word' id='word_1_26' title='bbox 276 554 491 600; x_wconf 81' lang='lat' dir='ltr'>alterurn</span> <span class='ocrx_word' id='word_1_27' title='bbox 522 553 747 600; x_wconf 85' lang='lat' dir='ltr'>fratrem.</span> <span class='ocrx_word' id='word_1_28' title='bbox 817 553 950 598; x_wconf 82' lang='lat' dir='ltr'>Nihil</span> <span class='ocrx_word' id='word_1_29' title='bbox 983 561 1060 599; x_wconf 85' lang='lat' dir='ltr'>cst</span> <span class='ocrx_word' id='word_1_30' title='bbox 1090 553 1172 599; x_wconf 94' lang='lat' dir='ltr'>illo</span> <span class='ocrx_word' id='word_1_31' title='bbox 1203 552 1324 599; x_wconf 87' lang='lat' dir='ltr'>mihi</span> <span class='ocrx_word' id='word_1_32' title='bbox 1354 569 1447 599; x_wconf 88' lang='lat' dir='ltr'>nec</span> <span class='ocrx_word' id='word_1_33' title='bbox 1477 557 1636 599; x_wconf 88' lang='lat' dir='ltr'>carius</span> <span class='ocrx_word' id='word_1_34' title='bbox 1666 569 1759 600; x_wconf 89' lang='lat' dir='ltr'>nec</span> 
     </span>
     <span class='ocr_line' id='line_1_6' title="bbox 275 634 1759 696; baseline 0 -16"><span class='ocrx_word' id='word_1_35' title='bbox 275 635 553 680; x_wconf 88' lang='lat' dir='ltr'>iucundius.</span> <span class='ocrx_word' id='word_1_36' title='bbox 625 634 671 679; x_wconf 85' lang='lat' dir='ltr'>Is</span> <span class='ocrx_word' id='word_1_37' title='bbox 701 635 821 696; x_wconf 89' lang='lat' dir='ltr'>(non</span> <span class='ocrx_word' id='word_1_38' title='bbox 852 651 951 696; x_wconf 86' lang='lat' dir='ltr'>quo</span> <span class='ocrx_word' id='word_1_39' title='bbox 980 637 1045 680; x_wconf 83' lang='lat' dir='ltr'>sit</span> <span class='ocrx_word' id='word_1_40' title='bbox 1075 650 1137 680; x_wconf 86' lang='lat' dir='ltr'>cx</span> <span class='ocrx_word' id='word_1_41' title='bbox 1167 637 1307 688; x_wconf 84' lang='lat' dir='ltr'>istis3</span> <span class='ocrx_word' id='word_1_42' title='bbox 1355 641 1433 680; x_wconf 85' lang='lat' dir='ltr'>est</span> <span class='ocrx_word' id='word_1_43' title='bbox 1463 638 1596 680; x_wconf 90' lang='lat' dir='ltr'>enim</span> <span class='ocrx_word' id='word_1_44' title='bbox 1625 637 1759 680; x_wconf 89' lang='lat' dir='ltr'>omni</span> 
     </span>
     <span class='ocr_line' id='line_1_7' title="bbox 276 714 1761 778; baseline 0 -18"><span class='ocrx_word' id='word_1_45' title='bbox 276 715 467 760; x_wconf 82' lang='lat' dir='ltr'>liberali</span> <span class='ocrx_word' id='word_1_46' title='bbox 527 715 753 761; x_wconf 78' lang='lat' dir='ltr'>doctrina</span> <span class='ocrx_word' id='word_1_47' title='bbox 813 715 1168 776; x_wconf 75' lang='lat' dir='ltr'>politissimu33</span> <span class='ocrx_word' id='word_1_48' title='bbox 1245 714 1335 761; x_wconf 90' lang='lat' dir='ltr'>sed</span> <span class='ocrx_word' id='word_1_49' title='bbox 1394 714 1538 760; x_wconf 86' lang='lat' dir='ltr'>valde</span> <span class='ocrx_word' id='word_1_50' title='bbox 1597 714 1761 778; x_wconf 82' lang='lat' dir='ltr'>diligit</span> 
     </span>
     <span class='ocr_line' id='line_1_8' title="bbox 277 794 1761 857; baseline 0 -16"><span class='ocrx_word' id='word_1_51' title='bbox 277 794 566 850; x_wconf 64' lang='lat' dir='ltr'>Patronem,</span> <span class='ocrx_word' id='word_1_52' title='bbox 604 795 748 841; x_wconf 88' lang='lat' dir='ltr'>valde</span> <span class='ocrx_word' id='word_1_53' title='bbox 789 794 1072 840; x_wconf 85' lang='lat' dir='ltr'>Phaedrum</span> <span class='ocrx_word' id='word_1_54' title='bbox 1123 795 1329 857; x_wconf 84' lang='lat' dir='ltr'>amavit)</span> <span class='ocrx_word' id='word_1_55' title='bbox 1367 798 1436 840; x_wconf 87' lang='lat' dir='ltr'>sic</span> <span class='ocrx_word' id='word_1_56' title='bbox 1474 811 1503 840; x_wconf 84' lang='lat' dir='ltr'>a</span> <span class='ocrx_word' id='word_1_57' title='bbox 1540 811 1622 841; x_wconf 86' lang='lat' dir='ltr'>me</span> <span class='ocrx_word' id='word_1_58' title='bbox 1668 794 1761 841; x_wconf 90' lang='lat' dir='ltr'>hoc</span> 
     </span>
     <span class='ocr_line' id='line_1_9' title="bbox 276 875 1761 931; baseline -0.001 -9"><span class='ocrx_word' id='word_1_59' title='bbox 276 876 556 931; x_wconf 79' lang='lat' dir='ltr'>contendit,</span> <span class='ocrx_word' id='word_1_60' title='bbox 613 875 762 922; x_wconf 85' lang='lat' dir='ltr'>homo</span> <span class='ocrx_word' id='word_1_61' title='bbox 819 879 1024 920; x_wconf 87' lang='lat' dir='ltr'>minime</span> <span class='ocrx_word' id='word_1_62' title='bbox 1083 876 1393 931; x_wconf 81' lang='lat' dir='ltr'>ambitiosus,</span> <span class='ocrx_word' id='word_1_63' title='bbox 1450 879 1654 921; x_wconf 91' lang='lat' dir='ltr'>minime</span> <span class='ocrx_word' id='word_1_64' title='bbox 1711 878 1761 921; x_wconf 90' lang='lat' dir='ltr'>in</span> 
     </span>
     <span class='ocr_line' id='line_1_10' title="bbox 275 955 1763 1019; baseline 0 -17"><span class='ocrx_word' id='word_1_65' title='bbox 275 957 500 1018; x_wconf 83' lang='lat' dir='ltr'>rogando</span> <span class='ocrx_word' id='word_1_66' title='bbox 547 955 805 1011; x_wconf 80' lang='lat' dir='ltr'>molestus,</span> <span class='ocrx_word' id='word_1_67' title='bbox 853 963 910 1002; x_wconf 82' lang='lat' dir='ltr'>ut</span> <span class='ocrx_word' id='word_1_68' title='bbox 956 955 1076 1001; x_wconf 90' lang='lat' dir='ltr'>nihil</span> <span class='ocrx_word' id='word_1_69' title='bbox 1125 972 1365 1018; x_wconf 85' lang='lat' dir='ltr'>umquam</span> <span class='ocrx_word' id='word_1_70' title='bbox 1411 959 1606 1019; x_wconf 80' lang='lat' dir='ltr'>magis3</span> <span class='ocrx_word' id='word_1_71' title='bbox 1670 971 1763 1002; x_wconf 88' lang='lat' dir='ltr'>nec</span> 
     </span>
     <span class='ocr_line' id='line_1_11' title="bbox 277 1035 1764 1099; baseline 0 -17"><span class='ocrx_word' id='word_1_72' title='bbox 277 1037 496 1092; x_wconf 88' lang='lat' dir='ltr'>dubitat,</span> <span class='ocrx_word' id='word_1_73' title='bbox 533 1040 653 1099; x_wconf 91' lang='lat' dir='ltr'>quin</span> <span class='ocrx_word' id='word_1_74' title='bbox 691 1053 786 1099; x_wconf 86' lang='lat' dir='ltr'>ego</span> <span class='ocrx_word' id='word_1_75' title='bbox 825 1053 853 1082; x_wconf 87' lang='lat' dir='ltr'>a</span> <span class='ocrx_word' id='word_1_76' title='bbox 889 1044 942 1082; x_wconf 84' lang='lat' dir='ltr'>te</span> <span class='ocrx_word' id='word_1_77' title='bbox 980 1044 1106 1082; x_wconf 85' lang='lat' dir='ltr'>nutu</span> <span class='ocrx_word' id='word_1_78' title='bbox 1145 1035 1237 1082; x_wconf 89' lang='lat' dir='ltr'>hoc</span> <span class='ocrx_word' id='word_1_79' title='bbox 1274 1040 1510 1098; x_wconf 85' lang='lat' dir='ltr'>consequi</span> <span class='ocrx_word' id='word_1_80' title='bbox 1547 1052 1764 1098; x_wconf 81' lang='lat' dir='ltr'>possein,</span> 
     </span>
     <span class='ocr_line' id='line_1_12' title="bbox 278 1117 1764 1172; baseline -0.001 -9"><span class='ocrx_word' id='word_1_81' title='bbox 278 1121 432 1163; x_wconf 82' lang='lat' dir='ltr'>etiam</span> <span class='ocrx_word' id='word_1_82' title='bbox 460 1121 499 1163; x_wconf 82' lang='lat' dir='ltr'>si</span> <span class='ocrx_word' id='word_1_83' title='bbox 528 1117 881 1164; x_wconf 77' lang='lat' dir='ltr'>aedificaturus</span> <span class='ocrx_word' id='word_1_84' title='bbox 910 1133 1059 1163; x_wconf 87' lang='lat' dir='ltr'>esses.</span> <span class='ocrx_word' id='word_1_85' title='bbox 1130 1117 1274 1162; x_wconf 85' lang='lat' dir='ltr'>Nunc</span> <span class='ocrx_word' id='word_1_86' title='bbox 1302 1133 1436 1171; x_wconf 84' lang='lat' dir='ltr'>vero,</span> <span class='ocrx_word' id='word_1_87' title='bbox 1463 1120 1503 1162; x_wconf 88' lang='lat' dir='ltr'>si</span> <span class='ocrx_word' id='word_1_88' title='bbox 1532 1117 1764 1172; x_wconf 85' lang='lat' dir='ltr'>audierit,</span> 
     </span>
     <span class='ocr_line' id='line_1_13' title="bbox 278 1198 1764 1259; baseline -0.001 -14"><span class='ocrx_word' id='word_1_89' title='bbox 278 1205 330 1245; x_wconf 86' lang='lat' dir='ltr'>te</span> <span class='ocrx_word' id='word_1_90' title='bbox 363 1198 764 1244; x_wconf 84' lang='lat' dir='ltr'>aedificationem</span> <span class='ocrx_word' id='word_1_91' title='bbox 797 1198 1105 1259; x_wconf 72' lang='lat' dir='ltr'>deposuisse,</span> <span class='ocrx_word' id='word_1_92' title='bbox 1137 1214 1302 1259; x_wconf 86' lang='lat' dir='ltr'>neque</span> <span class='ocrx_word' id='word_1_93' title='bbox 1334 1204 1508 1243; x_wconf 84' lang='lat' dir='ltr'>tamen</span> <span class='ocrx_word' id='word_1_94' title='bbox 1538 1213 1620 1244; x_wconf 89' lang='lat' dir='ltr'>me</span> <span class='ocrx_word' id='word_1_95' title='bbox 1652 1213 1682 1243; x_wconf 86' lang='lat' dir='ltr'>a</span> <span class='ocrx_word' id='word_1_96' title='bbox 1710 1204 1764 1244; x_wconf 90' lang='lat' dir='ltr'>te</span> 
     </span>
     <span class='ocr_line' id='line_1_14' title="bbox 277 1277 1765 1341; baseline -0.001 -16"><span class='ocrx_word' id='word_1_97' title='bbox 277 1282 592 1341; x_wconf 82' lang='lat' dir='ltr'>impetrasse,</span> <span class='ocrx_word' id='word_1_98' title='bbox 626 1295 725 1325; x_wconf 90' lang='lat' dir='ltr'>non</span> <span class='ocrx_word' id='word_1_99' title='bbox 759 1286 811 1325; x_wconf 90' lang='lat' dir='ltr'>te</span> <span class='ocrx_word' id='word_1_100' title='bbox 846 1282 896 1324; x_wconf 87' lang='lat' dir='ltr'>in</span> <span class='ocrx_word' id='word_1_101' title='bbox 931 1295 1011 1324; x_wconf 90' lang='lat' dir='ltr'>me</span> <span class='ocrx_word' id='word_1_102' title='bbox 1045 1277 1357 1333; x_wconf 79' lang='lat' dir='ltr'>illiberalem,</span> <span class='ocrx_word' id='word_1_103' title='bbox 1390 1278 1479 1325; x_wconf 85' lang='lat' dir='ltr'>sed</span> <span class='ocrx_word' id='word_1_104' title='bbox 1513 1294 1594 1324; x_wconf 86' lang='lat' dir='ltr'>me</span> <span class='ocrx_word' id='word_1_105' title='bbox 1628 1281 1679 1323; x_wconf 91' lang='lat' dir='ltr'>in</span> <span class='ocrx_word' id='word_1_106' title='bbox 1711 1294 1765 1324; x_wconf 88' lang='lat' dir='ltr'>se</span> 
     </span>
     <span class='ocr_line' id='line_1_15' title="bbox 278 1359 1765 1422; baseline -0.001 -16"><span class='ocrx_word' id='word_1_107' title='bbox 278 1360 640 1422; x_wconf 83' lang='lat' dir='ltr'>neglegentem</span> <span class='ocrx_word' id='word_1_108' title='bbox 686 1360 903 1421; x_wconf 88' lang='lat' dir='ltr'>putabit.</span> <span class='ocrx_word' id='word_1_109' title='bbox 973 1359 1316 1417; x_wconf 77' lang='lat' dir='ltr'>Quamobrem</span> <span class='ocrx_word' id='word_1_110' title='bbox 1365 1366 1485 1420; x_wconf 90' lang='lat' dir='ltr'>peto</span> <span class='ocrx_word' id='word_1_111' title='bbox 1528 1376 1556 1404; x_wconf 85' lang='lat' dir='ltr'>a</span> <span class='ocrx_word' id='word_1_112' title='bbox 1593 1366 1662 1411; x_wconf 84' lang='lat' dir='ltr'>te,</span> <span class='ocrx_word' id='word_1_113' title='bbox 1711 1366 1765 1404; x_wconf 83' lang='lat' dir='ltr'>ut</span> 
     </span>
     <span class='ocr_line' id='line_1_16' title="bbox 277 1439 1764 1502; baseline -0.001 -16"><span class='ocrx_word' id='word_1_114' title='bbox 277 1442 461 1486; x_wconf 84' lang='lat' dir='ltr'>scribas</span> <span class='ocrx_word' id='word_1_115' title='bbox 495 1441 559 1487; x_wconf 87' lang='lat' dir='ltr'>ad</span> <span class='ocrx_word' id='word_1_116' title='bbox 591 1448 723 1496; x_wconf 88' lang='lat' dir='ltr'>tuos,</span> <span class='ocrx_word' id='word_1_117' title='bbox 754 1456 900 1502; x_wconf 86' lang='lat' dir='ltr'>posse</span> <span class='ocrx_word' id='word_1_118' title='bbox 934 1447 1024 1486; x_wconf 87' lang='lat' dir='ltr'>tua</span> <span class='ocrx_word' id='word_1_119' title='bbox 1056 1439 1317 1486; x_wconf 87' lang='lat' dir='ltr'>voluntate</span> <span class='ocrx_word' id='word_1_120' title='bbox 1351 1440 1611 1485; x_wconf 80' lang='lat' dir='ltr'>decretum</span> <span class='ocrx_word' id='word_1_121' title='bbox 1645 1439 1764 1485; x_wconf 92' lang='lat' dir='ltr'>illud</span> 
     </span>
     <span class='ocr_line' id='line_1_17' title="bbox 279 1519 1766 1584; baseline -0.001 -17"><span class='ocrx_word' id='word_1_122' title='bbox 279 1522 722 1584; x_wconf 84' lang='lat' dir='ltr'>Areopagitarum,</span> <span class='ocrx_word' id='word_1_123' title='bbox 769 1537 921 1583; x_wconf 90' lang='lat' dir='ltr'>quem</span> <span class='ocrx_word' id='word_1_124' title='bbox 970 1519 1397 1581; x_wconf 74' lang='grc' dir='ltr'>ὑπομνηματισμόν</span> <span class='ocrx_word' id='word_1_125' title='bbox 1452 1519 1519 1565; x_wconf 90' lang='lat' dir='ltr'>illi</span> <span class='ocrx_word' id='word_1_126' title='bbox 1569 1526 1766 1574; x_wconf 90' lang='lat' dir='ltr'>vocant,</span> 
     </span>
    </p>

    <p class='ocr_par' dir='ltr' id='par_1_4' title="bbox 230 1600 1766 1906">
     <span class='ocr_line' id='line_1_18' title="bbox 230 1600 1766 1663; baseline -0.002 -15"><span class='ocrx_word' id='word_1_127' title='bbox 230 1609 255 1647; x_wconf 88' lang='lat'>6</span> <span class='ocrx_word' id='word_1_128' title='bbox 280 1602 400 1648; x_wconf 91' lang='lat' dir='ltr'>tolli.</span> <span class='ocrx_word' id='word_1_129' title='bbox 469 1602 569 1648; x_wconf 89' lang='lat' dir='ltr'>Sed</span> <span class='ocrx_word' id='word_1_130' title='bbox 610 1602 763 1648; x_wconf 91' lang='lat' dir='ltr'>redeo</span> <span class='ocrx_word' id='word_1_131' title='bbox 807 1602 871 1648; x_wconf 90' lang='lat' dir='ltr'>ad</span> <span class='ocrx_word' id='word_1_132' title='bbox 912 1604 1087 1663; x_wconf 86' lang='lat' dir='ltr'>prima.</span> <span class='ocrx_word' id='word_1_133' title='bbox 1158 1600 1298 1646; x_wconf 84' lang='lat' dir='ltr'>Prius</span> <span class='ocrx_word' id='word_1_134' title='bbox 1342 1600 1489 1646; x_wconf 88' lang='lat' dir='ltr'>velim</span> <span class='ocrx_word' id='word_1_135' title='bbox 1527 1601 1618 1646; x_wconf 87' lang='lat' dir='ltr'>tibi</span> <span class='ocrx_word' id='word_1_136' title='bbox 1655 1616 1766 1662; x_wconf 87' lang='lat' dir='ltr'>per-</span> 
     </span>
     <span class='ocr_line' id='line_1_19' title="bbox 278 1679 1766 1743; baseline 0 -16"><span class='ocrx_word' id='word_1_137' title='bbox 278 1683 508 1737; x_wconf 80' lang='lat' dir='ltr'>suadeas,</span> <span class='ocrx_word' id='word_1_138' title='bbox 541 1690 597 1728; x_wconf 87' lang='lat' dir='ltr'>ut</span> <span class='ocrx_word' id='word_1_139' title='bbox 628 1682 720 1728; x_wconf 87' lang='lat' dir='ltr'>hoc</span> <span class='ocrx_word' id='word_1_140' title='bbox 751 1698 866 1727; x_wconf 86' lang='lat' dir='ltr'>mea</span> <span class='ocrx_word' id='word_1_141' title='bbox 897 1698 1047 1727; x_wconf 86' lang='lat' dir='ltr'>causa</span> <span class='ocrx_word' id='word_1_142' title='bbox 1076 1681 1294 1727; x_wconf 88' lang='lat' dir='ltr'>libenter</span> <span class='ocrx_word' id='word_1_143' title='bbox 1325 1679 1494 1736; x_wconf 79' lang='lat' dir='ltr'>facias,</span> <span class='ocrx_word' id='word_1_144' title='bbox 1526 1697 1676 1743; x_wconf 88' lang='lat' dir='ltr'>quam</span> <span class='ocrx_word' id='word_1_145' title='bbox 1710 1687 1766 1727; x_wconf 85' lang='lat' dir='ltr'>ut</span> 
     </span>
     <span class='ocr_line' id='line_1_20' title="bbox 278 1760 1764 1824; baseline -0.001 -16"><span class='ocrx_word' id='word_1_146' title='bbox 278 1763 445 1809; x_wconf 81' lang='lat' dir='ltr'>facias.</span> <span class='ocrx_word' id='word_1_147' title='bbox 513 1762 592 1808; x_wconf 91' lang='lat' dir='ltr'>Sic</span> <span class='ocrx_word' id='word_1_148' title='bbox 634 1770 808 1808; x_wconf 86' lang='lat' dir='ltr'>tamen</span> <span class='ocrx_word' id='word_1_149' title='bbox 850 1762 1071 1808; x_wconf 82' lang='lat' dir='ltr'>habeto:</span> <span class='ocrx_word' id='word_1_150' title='bbox 1131 1765 1171 1808; x_wconf 84' lang='lat' dir='ltr'>si</span> <span class='ocrx_word' id='word_1_151' title='bbox 1213 1760 1408 1816; x_wconf 82' lang='lat' dir='ltr'>feceris,</span> <span class='ocrx_word' id='word_1_152' title='bbox 1450 1761 1586 1824; x_wconf 91' lang='lat' dir='ltr'>quod</span> <span class='ocrx_word' id='word_1_153' title='bbox 1626 1777 1764 1824; x_wconf 86' lang='lat' dir='ltr'>rogo,</span> 
     </span>
     <span class='ocr_line' id='line_1_21' title="bbox 278 1843 908 1906; baseline 0.002 -17"><span class='ocrx_word' id='word_1_154' title='bbox 278 1843 384 1889; x_wconf 85' lang='lat' dir='ltr'>fore</span> <span class='ocrx_word' id='word_1_155' title='bbox 410 1843 528 1889; x_wconf 83' lang='lat' dir='ltr'>mihi</span> <span class='ocrx_word' id='word_1_156' title='bbox 551 1847 908 1906; x_wconf 82' lang='lat' dir='ltr'>gratissimum.</span> 
     </span>
    </p>
   </div>
   <div class='ocr_carea' id='block_1_3' title="bbox 280 2020 1767 2182">
    <p class='ocr_par' dir='ltr' id='par_1_5' title="bbox 280 2020 1767 2182">
     <span class='ocr_line' id='line_1_22' title="bbox 342 2020 1767 2074; baseline -0.001 -11"><span class='ocrx_word' id='word_1_157' title='bbox 342 2030 360 2048; x_wconf 80' lang='lat'>⁰</span> <span class='ocrx_word' id='word_1_158' title='bbox 392 2025 741 2072; x_wconf 79' lang='grc' dir='ltr'>ὑπομνηματισμός</span> <span class='ocrx_word' id='word_1_159' title='bbox 761 2036 850 2062; x_wconf 82' lang='lat' dir='ltr'>was</span> <span class='ocrx_word' id='word_1_160' title='bbox 878 2022 952 2062; x_wconf 89' lang='lat' dir='ltr'>the</span> <span class='ocrx_word' id='word_1_161' title='bbox 982 2021 1239 2074; x_wconf 72' lang='lat' dir='ltr'>recognized</span> <span class='ocrx_word' id='word_1_162' title='bbox 1262 2026 1372 2062; x_wconf 86' lang='lat' dir='ltr'>term</span> <span class='ocrx_word' id='word_1_163' title='bbox 1396 2023 1464 2062; x_wconf 86' lang='lat' dir='ltr'>for</span> <span class='ocrx_word' id='word_1_164' title='bbox 1487 2034 1514 2062; x_wconf 87' lang='lat' dir='ltr'>a</span> <span class='ocrx_word' id='word_1_165' title='bbox 1536 2020 1689 2061; x_wconf 86' lang='lat' dir='ltr'>decree</span> <span class='ocrx_word' id='word_1_166' title='bbox 1717 2023 1767 2061; x_wconf 86' lang='lat' dir='ltr'>of</span> 
     </span>
     <span class='ocr_line' id='line_1_23' title="bbox 282 2075 1766 2129; baseline -0.001 -12"><span class='ocrx_word' id='word_1_167' title='bbox 282 2078 355 2117; x_wconf 78' lang='lat' dir='ltr'>the</span> <span class='ocrx_word' id='word_1_168' title='bbox 387 2078 663 2129; x_wconf 79' lang='lat' dir='ltr'>Areopagus.</span> <span class='ocrx_word' id='word_1_169' title='bbox 689 2077 829 2116; x_wconf 84' lang='lat' dir='ltr'>which</span> <span class='ocrx_word' id='word_1_170' title='bbox 862 2078 903 2116; x_wconf 90' lang='lat' dir='ltr'>in</span> <span class='ocrx_word' id='word_1_171' title='bbox 935 2077 1009 2116; x_wconf 82' lang='lat' dir='ltr'>the</span> <span class='ocrx_word' id='word_1_172' title='bbox 1038 2079 1143 2116; x_wconf 84' lang='lat' dir='ltr'>time</span> <span class='ocrx_word' id='word_1_173' title='bbox 1173 2078 1223 2116; x_wconf 88' lang='lat' dir='ltr'>of</span> <span class='ocrx_word' id='word_1_174' title='bbox 1247 2075 1398 2116; x_wconf 86' lang='lat' dir='ltr'>Cicero</span> <span class='ocrx_word' id='word_1_175' title='bbox 1425 2088 1512 2116; x_wconf 87' lang='lat' dir='ltr'>was</span> <span class='ocrx_word' id='word_1_176' title='bbox 1543 2075 1616 2116; x_wconf 83' lang='lat' dir='ltr'>the</span> <span class='ocrx_word' id='word_1_177' title='bbox 1647 2075 1766 2115; x_wconf 85' lang='lat' dir='ltr'>chief</span> 
     </span>
     <span class='ocr_line' id='line_1_24' title="bbox 280 2130 1042 2182; baseline -0.001 -11"><span class='ocrx_word' id='word_1_178' title='bbox 280 2132 629 2172; x_wconf 83' lang='lat' dir='ltr'>adrninistrative</span> <span class='ocrx_word' id='word_1_179' title='bbox 648 2130 769 2182; x_wconf 85' lang='lat' dir='ltr'>body</span> <span class='ocrx_word' id='word_1_180' title='bbox 791 2133 833 2170; x_wconf 90' lang='lat' dir='ltr'>in</span> <span class='ocrx_word' id='word_1_181' title='bbox 859 2130 1042 2171; x_wconf 69' lang='lat' dir='ltr'>Athens.</span> 
     </span>
    </p>
   </div>
   <div class='ocr_carea' id='block_1_4' title="bbox 292 2607 348 2649">
    <p class='ocr_par' dir='ltr' id='par_1_6' title="bbox 292 2607 348 2649">
     <span class='ocr_line' id='line_1_25' title="bbox 292 2607 348 2649; baseline -0.054 0"><span class='ocrx_word' id='word_1_182' title='bbox 292 2607 348 2649; x_wconf 67' lang='lat'>12</span> 
     </span>
    </p>
   </div>
  </div>
 </body>
</html>
