1837 3029
874 157 1126 203 CICERO

252 294 408 350 atque
442 289 746 333 auctoritate
778 285 1061 348 perfectum
1094 291 1186 331 cst.
1257 284 1331 330 Tu
1365 288 1403 331 si
1437 284 1566 331 hanc
1599 289 1748 331 ratio-

251 385 368 415 nem
409 385 507 413 non
547 368 746 430 probas,
786 372 928 413 tuam
967 368 1277 413 sententiam
1317 364 1608 420 defendam,
1648 383 1747 413 non

251 449 532 512 relinquam
560 464 727 494 meam
753 464 763 493 ε
810 463 976 509 neque
1006 445 1304 492 dissolutum
1333 463 1362 492 a
1389 452 1442 492 te
1472 445 1747 509 quidquam

251 529 478 577 homines
500 535 799 590 exspectant
821 544 912 574 nec
932 527 1134 574 crudele
1161 543 1171 582 3
1209 526 1354 573 huius
1375 529 1447 573 rei
1466 527 1747 574 moderatio

252 610 407 657 facilis
426 618 520 665 est,
539 613 663 656 utin
681 610 833 656 duces
851 608 1124 655 vehemens
1142 611 1224 664 sis,
1241 611 1292 654 in
1309 607 1495 655 milites
1511 607 1744 655 liberalis.

202 699 227 738 6
251 693 545 738 Ciceronem
581 707 771 745 meum,
798 693 866 736 mi
899 689 1073 745 Brute,
1101 689 1249 735 velim
1288 705 1441 752 quam
1477 688 1747 751 plurimum

250 780 421 820 tecum
468 771 692 818 habeas:
758 773 956 818 virtutis
1005 770 1319 833 disciplinam
1366 769 1626 817 meliorem
1674 786 1749 817 re-

252 856 415 917 periet
452 852 639 899 nullam
678 868 830 915 quam
868 851 1353 913 contemplationem
1390 857 1547 915 atque
1583 853 1749 898 imita-

250 937 442 982 tionem
467 937 557 981 tui.
627 949 767 980 xvm.
799 932 1013 980 Kalend.
1044 932 1222 979 Maias.

774 1207 842 1252 vl
880 1206 940 1269 (Ι.
979 1214 1006 1253 2
1043 1207 1087 1267 §g
1124 1207 1225 1267 3—6)

639 1350 693 1383 Μ.
732 1352 905 1381 cisun«)
941 1351 977 1381 S.
1018 1352 1063 1382 Ι).
1103 1351 1155 1381 M.
1196 1351 1357 1382 BRUTO

782 1443 963 1489 Romae,
990 1456 1119 1483 Α.υ.ς.
1145 1445 1221 1483 711

204 1549 227 1590 3
318 1577 329 1588 .
366 1577 378 1588 .
415 1577 427 1589 .
489 1539 562 1587 Te
624 1538 1033 1587 benevolentiam
1097 1541 1348 1585 exercitus
1413 1541 1746 1602 equitumque

201 1630 227 1669 4
252 1630 522 1684 expertum
568 1620 899 1667 veliementer
945 1619 1159 1682 gaudeo.
1232 1619 1311 1666 De
1362 1619 1643 1675 Dolabella,
1691 1627 1747 1666 ut

251 1704 440 1758 scribis,
469 1705 509 1749 si
540 1702 660 1763 quid
688 1700 898 1747 habebis
929 1703 1060 1755 novi,
1089 1699 1242 1746 facies
1273 1716 1353 1746 me
1383 1703 1667 1755 certiorem,
1697 1703 1746 1746 in

253 1801 351 1846 quo
385 1783 610 1829 delector
643 1798 724 1828 me
759 1788 879 1828 ante
913 1780 1203 1843 providisse,
1238 1787 1296 1827 ut
1327 1787 1476 1827 tuum
1507 1780 1746 1827 iudicium

251 1864 464 1911 liberum
493 1869 627 1910 esset
653 1879 768 1909 cum
796 1861 1063 1909 Dolabella
1088 1861 1206 1908 belli
1233 1860 1444 1925 gerendi
1468 1877 1479 1908 ι
1523 1861 1575 1908 id
1602 1861 1746 1908 valde

252 1948 514 2008 pertinuit,
536 1951 593 1990 ut
615 1960 710 2007 ego
731 1950 842 1990 tum
861 1942 1242 2006 intellegebam,
1264 1942 1329 1990 ad
1348 1958 1454 1989 rem
1476 1941 1745 2004 publicam,

201 2034 227 2073 5
252 2034 309 2073 ut
345 2042 476 2072 nunc
510 2025 691 2079 iudico,
726 2024 791 2071 ad
826 2024 1132 2087 dignitatem
1165 2030 1322 2070 tuam.
1393 2022 1543 2081 Quod
1575 2024 1745 2071 scribis

252 2124 331 2154 me
355 2110 574 2153 maximo
598 2109 700 2151 otio
725 2109 904 2165 egisse,
928 2112 982 2150 ut
1007 2107 1281 2150 insectarer
1304 2105 1568 2158 Antonios,
1592 2103 1745 2166 idque

252 2187 443 2243 laudas,
473 2187 622 2233 credo
652 2190 724 2233 ita
753 2187 909 2233 videri
948 2186 1057 2241 tibi,
1086 2186 1176 2232 sed
1205 2185 1341 2231 illam
1370 2184 1745 2231 distinctionem

252 2276 395 2315 tuam
435 2267 568 2314 nullo
609 2274 758 2329 pacto
799 2267 991 2329 probo:
1049 2267 1220 2313 scribis
1262 2269 1397 2312 enim
1436 2267 1595 2312 acrius
1634 2281 1746 2328 pro-

253 2348 474 2396 hibenda
504 2348 637 2395 bella
666 2348 828 2394 civilia
858 2364 966 2395 esse
999 2364 1151 2410 quam
1181 2349 1232 2392 in
1262 2353 1524 2409 superatos
1554 2348 1746 2392 iracun-

255 2430 389 2478 diam
412 2429 762 2476 exercendam.
786 2427 1131 2475 Vehementer
1153 2444 1182 2473 a
1202 2434 1273 2483 te,
1294 2426 1467 2482 Brute,
1487 2426 1747 2482 dissentio,

255 2528 347 2557 nec
387 2510 688 2557 clementiae
730 2516 849 2555 tuae
890 2509 1129 2564 concedo,
1165 2508 1255 2555 sed
1296 2507 1526 2555 salutaris
1566 2509 1748 2554 severi-

254 2595 347 2638 644
