1837 3029
801 139 1052 187 CICERO

185 275 309 318 sitis.
379 270 632 315 Labienus
654 285 760 314 rem
784 266 1042 312 meliorem
1065 264 1202 312 fecit.
1269 266 1494 312 Adiuvat
1513 269 1665 312 etiam

188 338 318 393 Piso,
351 336 488 399 quod
523 336 587 382 ab
624 335 763 382 Urbe
798 333 1013 380 discedit
1047 339 1101 379 et
1134 331 1335 378 sceleris
1364 333 1670 379 condemnat

186 421 431 468 generum
450 420 612 449 suum.
680 401 798 455 Vos,
817 416 963 446 meae
980 402 1265 446 carissimae
1284 402 1501 455 animae,
1517 415 1669 463 quam

187 475 479 534 saepissime
520 470 583 516 ad
630 484 712 514 me
751 468 974 522 scribite,
1015 474 1067 512 et
1111 483 1194 512 vos
1234 467 1356 528 quid
1396 470 1577 530 agatis,
1617 473 1671 513 et

188 539 309 602 quid
347 541 459 584 istic
489 543 685 599 agatur.
753 534 973 598 Quintus
1002 540 1151 595 pater
1181 540 1232 579 et
1264 533 1391 580 filius
1423 540 1478 580 et
1512 532 1671 580 Rufus

190 607 328 652 vobis
352 604 569 650 salutem
593 603 785 650 dicunt.
833 600 1031 647 Valete.
1080 616 1188 647 vm.
1218 600 1433 648 Kalend.
1458 599 1670 659 Quintil.

189 673 480 719 Minturnis.

885 753 977 801 XV

531 879 586 911 M.
622 879 667 911 T.
704 880 744 909 C.
781 878 818 909 S.
856 878 900 908 P.
938 878 985 909 D.
1020 877 1302 908 TERENTIAE
1336 877 1458 909 SUAE

685 969 907 1014 Brundisi.
930 983 1061 1010 A.u.c.
1084 973 1180 1010 707.

257 1059 307 1106 Si
333 1057 485 1111 vales,
503 1057 635 1103 bene
662 1062 754 1102 est.
817 1054 1271 1109 Constitueramus,
1291 1060 1347 1101 ut
1367 1054 1430 1101 ad
1450 1061 1502 1101 te
1522 1056 1676 1102 antea

188 1130 503 1188 scripseram,
528 1125 726 1170 obviam
753 1122 1047 1168 Ciceronem
1074 1121 1276 1167 Caesari
1301 1125 1508 1168 mittere
1530 1138 1542 1178 3
1585 1123 1675 1169 sed

189 1196 495 1240 mutavimus
537 1189 814 1239 consilium,
856 1192 973 1251 quia
1015 1188 1078 1235 de
1120 1188 1248 1234 illius
1291 1189 1513 1236 adventu
1554 1188 1676 1236 nihil

190 1261 536 1307 audiebamus.
605 1258 685 1303 De
716 1259 898 1302 ceteris
928 1256 1096 1310 rebus,
1127 1259 1221 1301 etsi
1253 1254 1374 1300 nihil
1404 1263 1514 1302 erat
1544 1259 1675 1312 novi,

191 1335 384 1382 tamen,
417 1325 536 1388 quid
571 1323 779 1370 velimus
813 1329 866 1369 et
898 1323 1019 1385 quid
1051 1321 1143 1368 hoc
1176 1330 1406 1384 tempore
1438 1330 1676 1384 putemus

191 1411 316 1456 opus
366 1410 493 1443 esse,
543 1408 605 1437 cx
655 1390 794 1436 Sicca
841 1392 1030 1451 poteris
1078 1405 1397 1451 cognoscere.
1462 1389 1674 1436 Tulliam

192 1460 356 1508 adhuc
387 1475 586 1505 mecum
618 1464 787 1504 teneo.
855 1455 1212 1503 Valetudinem
1245 1462 1387 1503 tuam
1419 1473 1539 1505 cura
1567 1457 1677 1505 dili-

191 1534 389 1592 genter.
457 1524 597 1572 Vale.
664 1540 753 1572 xu.
786 1522 1042 1571 Kalendas
1070 1522 1283 1582 Quintil.

875 1682 995 1729 XVI

474 1807 529 1839 M.
564 1806 610 1838 T.
646 1807 687 1838 C.
724 1807 761 1836 S.
800 1806 843 1838 Ρ.
881 1806 927 1836 Ι).
962 1805 1244 1836 TERENTIAE
1277 1805 1400 1838 SUAE

693 1896 914 1944 Brundisi,
936 1910 1066 1937 A.u.c.
1090 1900 1185 1937 707.

257 1985 307 2032 Si
334 1983 485 2039 vale5‚
508 1983 640 2029 bene
666 1988 744 2029 est
767 1997 777 2038 ;
820 1980 977 2028 valeo.
1000 2045 1002 2048 .
1045 1981 1156 2028 Etsi
1180 1982 1424 2028 eiusmodi
1447 1989 1679 2044 tempora

194 2059 365 2100 nostra
385 2057 520 2106 sunt,
540 2056 597 2096 ut
616 2048 738 2095 nihil
756 2048 991 2104 habeam,
1011 2049 1146 2112 quod
1165 2055 1254 2095 aut
1274 2065 1303 2095 a
1321 2056 1375 2096 te
1394 2049 1676 2097 litterarum

259 2175 277 2193 ‘¹
312 2169 562 2219 Byjoiningr
580 2168 652 2207 the
673 2167 950 2217 Pompeians,
971 2167 1206 2214 Labienus,
1226 2166 1423 2207 Cacsar’s
1441 2167 1679 2208 licutenant

202 2225 244 2263 in
293 2222 423 2268 Gaul,
471 2221 558 2260 and
605 2221 921 2272 subsequently
966 2234 1182 2271 governor
1227 2222 1278 2261 of
1319 2221 1465 2261 Gallia
1508 2221 1680 2274 Togata

201 2277 440 2324 (southern
475 2274 694 2326 Cisalpine
728 2274 878 2324 Gaul),
909 2275 995 2314 had
1030 2288 1128 2315 now
1155 2274 1353 2315 deserted
1386 2279 1432 2315 to
1466 2275 1677 2328 Pompey.

203 2332 271 2371 Hc
303 2330 461 2381 fought
491 2331 666 2380 against
697 2328 857 2369 Caesar
888 2333 932 2368 at
966 2328 1206 2377 Pharsalia,
1239 2331 1282 2371 in
1315 2329 1481 2376 Africa,
1513 2330 1602 2370 and
1633 2335 1679 2371 at

205 2384 392 2430 Munda,
416 2383 556 2423 where
578 2383 631 2422 he
654 2397 740 2421 was
762 2382 911 2422 killed.

261 2438 277 2461 ⁶
310 2438 358 2477 I..
388 2437 652 2490 Calpurnius
681 2436 779 2476 Piso
807 2436 1092 2483 Caesonium,
1115 2436 1258 2478 father
1284 2437 1335 2478 of
1356 2435 1554 2478 Caesar's
1581 2438 1680 2479 wife

200 2492 453 2544 Calpurnia.
514 2491 596 2532 See
618 2495 718 2531 note
739 2491 768 2531 d
789 2504 845 2530 on
866 2490 949 2542 Ep.
978 2495 1013 2531 l.
1035 2494 1076 2531 3.

204 2563 299 2603 214
