1837 3029
853 174 1104 221 CICERO

223 321 438 368 sumque
472 307 632 351 virum
666 307 913 366 optimum
947 306 1391 367 gratissimumque
1423 321 1708 369 cognosces.

225 372 474 419 Promitto
509 372 621 427 tibi,
656 378 712 418 te
754 387 817 417 ex
855 374 961 417 eius
1009 374 1230 417 amicitia
1264 388 1503 435 magnam
1539 373 1711 436 volup-

177 447 202 487 3
226 447 388 487 tatem
437 455 546 486 esse
593 445 875 500 capturum.
958 436 1232 484 Praeterea
1289 455 1319 484 a
1375 446 1430 485 te
1487 447 1609 502 peto
1658 444 1709 486 in

222 510 465 553 maiorem
511 505 719 551 modum
765 521 855 566 pro
902 511 1073 551 nostra
1119 508 1340 551 amicitia
1385 512 1440 552 et
1484 522 1575 568 pro
1621 514 1710 554 tuo

223 580 473 636 perpetuo
500 576 550 618 in
578 588 660 618 me
687 572 873 626 studio,
901 578 958 618 ut
985 575 1036 617 in
1063 570 1157 618 hac
1184 588 1237 618 re
1267 575 1422 619 etiam
1450 573 1709 621 elabores:

225 641 515 703 Dionysius,
569 655 739 685 servus
794 654 954 694 meuS,
1009 642 1095 701 qui
1148 655 1316 685 meam
1370 639 1710 687 bibliothecen

224 707 497 753 multorum
535 722 852 752 nummorum
893 709 1148 761 tractavit,
1186 722 1300 752 cum
1337 706 1523 753 multos
1560 707 1709 754 libros

223 777 543 836 surripuisset
569 789 661 818 nec
686 789 740 819 se
766 776 972 834 impune
998 772 1218 819 laturum
1244 780 1468 834 putaret,
1494 773 1706 837 aufugit.

225 841 273 887 Is
293 848 370 887 est
390 844 439 886 in
457 843 710 902 provincia
728 847 831 886 tua.
885 839 1016 885 Eum
1036 847 1089 886 et
1110 839 1182 885 M.
1203 839 1438 896 Bolanus,
1455 839 1709 888 familiaris

223 924 383 963 meus,
418 915 471 954 et
503 907 650 952 multi
684 906 765 952 alii
800 905 1032 953 Naronae
1067 907 1335 962 viderunt3
1386 907 1476 954 sed
1508 925 1623 954 cum
1655 924 1709 955 se

223 992 252 1020 a
281 991 362 1020 me
392 977 753 1020 manumissum
783 989 892 1020 esse
922 974 1131 1029 diceret,
1159 974 1497 1020 crediderunt.
1561 975 1710 1022 Hunc

223 1050 280 1088 tu
311 1045 349 1088 si
380 1040 500 1086 mihi
529 1041 903 1087 restituendum
933 1044 1135 1097 curaris,
1165 1057 1265 1087 non
1293 1057 1496 1103 possum
1525 1041 1709 1098 dicere,

224 1125 375 1171 quam
401 1107 522 1153 mihi
547 1115 750 1170 gratum
775 1107 1002 1153 futurum
1028 1112 1107 1154 sit.
1169 1107 1266 1153 Res
1292 1111 1400 1171 ipsa
1424 1125 1595 1170 parva,
1620 1110 1710 1156 sed

223 1179 375 1221 animi
407 1178 505 1220 mei
540 1175 679 1221 dolor
710 1191 923 1237 magnus
956 1182 1048 1221 est.
1117 1174 1218 1221 Ubi
1249 1178 1331 1230 sit,
1365 1182 1419 1221 et
1451 1176 1571 1238 quid
1604 1176 1709 1223 fieri

223 1246 396 1304 possit,
432 1241 647 1287 Bolanus
695 1249 748 1287 te
797 1242 1013 1288 docebit.
1079 1241 1189 1304 Ego
1235 1245 1274 1287 si
1316 1241 1572 1288 hominem
1619 1259 1710 1305 per

222 1317 276 1357 te
322 1312 621 1370 reciperaro‚
655 1325 852 1355 summo
889 1325 971 1355 me
1018 1325 1048 1355 a
1094 1316 1148 1355 te
1190 1309 1434 1356 beneficio
1472 1310 1707 1357 affectum

223 1376 518 1423 arbitrabor.

834 1595 1106 1643 LXXVIII

547 1746 603 1778 M.
638 1746 684 1777 Τ.
721 1746 761 1777 C.
797 1745 835 1777 S.
872 1746 920 1777 D.
955 1746 1161 1777 ALLIENO
1195 1745 1394 1781 PRocos.

744 1847 928 1895 Romae,
948 1860 1081 1888 A.u.c.
1103 1850 1201 1889 708.

178 1962 197 2001 1
289 1953 610 2000 Democritus
639 1951 897 2016 Sicyonius
926 1968 1025 1998 non
1052 1952 1212 1998 solum
1239 1951 1420 2015 hospes
1448 1969 1590 1999 meus
1618 1960 1713 2009 est,

224 2021 314 2068 sed
350 2024 522 2075 etiam,
557 2020 693 2083 quod
728 2036 827 2066 non
859 2019 1030 2066 multis
1066 2023 1296 2083 contigit,
1332 2020 1536 2066 Graecis
1569 2036 1713 2083 prae—

225 2091 417 2142 sertim,
463 2087 607 2134 valde
652 2086 922 2133 familiaris.
1002 2087 1094 2133 Est
1140 2091 1272 2133 enim
1317 2090 1366 2132 in
1414 2103 1473 2133 eo
1517 2104 1713 2134 summa

223 2155 464 2218 probitaS‚
487 2171 683 2200 summa
709 2158 879 2209 virtus,
902 2170 1099 2200 summa
1123 2157 1171 2199 in
1193 2153 1417 2217 hospites
1439 2154 1712 2202 liberalitas

286 2329 305 2349 ⁰
335 2323 405 2364 On
425 2324 496 2364 the
512 2329 633 2365 coast
650 2323 879 2376 oflllyria.
897 2324 1093 2364 between
1109 2323 1277 2364 Histria
1292 2323 1379 2364 and
1399 2323 1711 2376 Dyrrachium.

291 2377 308 2402 θ
339 2378 405 2418 Of
424 2377 574 2429 Sicily.
632 2378 680 2418 ln
707 2381 760 2418 60
789 2378 985 2417 Allienus
1011 2390 1098 2417 was
1121 2391 1204 2417 one
1229 2378 1280 2417 of
1298 2376 1489 2418 Cicero's
1513 2378 1646 2429 leyati
1665 2380 1710 2418 in

228 2432 350 2476 Asia,
377 2433 462 2471 and
498 2435 537 2471 in
566 2436 619 2471 49
650 2447 737 2471 was
763 2446 786 2471 a
816 2440 1005 2484 praetor.
1064 2431 1114 2472 ln
1142 2435 1197 2472 43
1226 2432 1278 2471 he
1307 2445 1395 2471 was
1421 2446 1446 2472 a
1474 2432 1639 2484 leyalus
1663 2434 1712 2472 of

227 2485 473 2533 Dolabella,
501 2486 579 2526 but
610 2485 896 2526 surrendered
932 2490 977 2526 to
1005 2484 1195 2527 Cassius.
1253 2484 1336 2527 See
1363 2488 1436 2527 xii.
1470 2491 1535 2527 ll.
1568 2492 1583 2526 l
1621 2486 1710 2527 and

232 2544 292 2579 12).
321 2545 354 2581 l.
1711 2546 1713 2548 ’

235 2608 325 2653 174·
