1837 3029
588 672 668 722 M.
711 671 939 721 TULLI
982 673 1378 724 CICERONIS

230 751 788 803 EPISTULARUM
812 755 915 803 AD
939 754 1304 814 QUINTUM
1332 755 1706 807 FRATREM

672 907 875 954 LIBER
910 908 1274 955 SECUNDUS

959 1037 983 1084 I

609 1180 664 1212 M.
701 1182 874 1211 sls'Eno
910 1181 946 1213 S.
985 1183 1031 1213 D.
1070 1182 1112 1218 Q.
1152 1182 1334 1215 FRATRI

749 1294 930 1341 Romae,
954 1307 1083 1335 A.U.C.
1108 1298 1203 1336 697.

180 1428 200 1468 l
294 1419 764 1483 Epistulam,quam
782 1420 966 1483 legisti,
987 1437 1136 1466 mane
1153 1421 1410 1468 dederam.
1477 1420 1576 1468 Sed
1596 1420 1715 1467 fecit

227 1487 515 1534 humaniter
547 1488 782 1542 Licinius,
813 1488 947 1550 quod
979 1488 1043 1534 ad
1071 1504 1171 1543 me,
1201 1491 1351 1534 misso
1382 1496 1580 1544 senatu,
1610 1504 1716 1534 ves-

228 1559 335 1617 peri
371 1558 527 1611 venit,
564 1563 638 1609 ut,
675 1558 714 1600 si
753 1555 873 1617 quid
912 1562 1045 1601 esset
1083 1562 1270 1610 actum,
1308 1555 1372 1602 ad
1409 1563 1480 1610 te,
1517 1559 1557 1601 si
1592 1554 1713 1601 mihi

228 1622 499 1677 videretur,
540 1623 917 1683 perscriberem.
993 1620 1208 1668 Senatus
1249 1620 1347 1668 fuit
1387 1620 1717 1684 frequentior,

227 1705 378 1751 quam
418 1690 723 1751 putabamus
764 1705 872 1734 esse
912 1705 1057 1751 posse
1096 1705 1271 1735 mense
1313 1689 1584 1735 Decembri
1623 1689 1716 1735 sub

229 1758 336 1802 dies
365 1754 537 1801 festos.
601 1755 897 1801 Consulares
932 1772 1020 1801 nos
1054 1754 1239 1802 fuimus
1274 1755 1327 1802 P.
1358 1755 1610 1810 Servilius,
1641 1755 1714 1802 M.

232 1821 485 1877 Lucullus,
519 1821 759 1884 Lepidus,
792 1822 1065 1878 VolcatiuS,
1099 1822 1322 1878 Glabrio,
1354 1823 1454 1869 duo
1490 1821 1716 1868 consules

230 1890 500 1951 designati,
566 1896 839 1950 praetores.
941 1889 1071 1935 Sane
1138 1889 1431 1952 frequentes
1497 1888 1716 1944 fuimus;

230 1959 431 2001 omnino
453 1956 516 2002 ad
537 1956 796 2002 ducentos.
853 1955 1142 2003 Commorat
1164 1960 1596 2019 exspectationem
1620 1956 1715 2002 Lu-

230 2040 337 2085 pus.
395 2023 517 2085 Egit
540 2039 741 2068 causam
766 2026 872 2086 agri
896 2023 1140 2084 Campani
1163 2039 1283 2070 sane
1308 2030 1556 2070 accurate.
1614 2024 1715 2069 Au-

230 2090 364 2136 ditus
392 2097 469 2136 est
494 2107 678 2153 magno
705 2089 918 2136 silentio.
982 2091 1253 2136 Materiam
1279 2093 1351 2136 rei
1376 2107 1476 2137 non
1500 2093 1713 2153 ignoras.

290 2253 309 2272 ⁸
343 2248 574 2293 Isauricus,
597 2248 747 2288 consul
772 2249 873 2288 with
898 2249 1070 2299 Appius
1093 2248 1304 2288 Claudius
1328 2248 1513 2289 Pulcher
1534 2251 1575 2288 in
1599 2252 1665 2289 79.

293 2300 308 2325 ¹³
344 2302 407 2342 M.
431 2302 658 2341 Terentius
684 2303 822 2341 Varro
848 2302 1070 2348 Lucullus,
1093 2302 1244 2341 consul
1268 2304 1310 2342 in
1334 2306 1400 2342 73.

295 2360 309 2379 ⁶
344 2355 407 2395 M.
449 2356 662 2395 Aemilius
703 2356 895 2407 Lepidus
933 2356 1020 2395 and
1063 2356 1111 2396 1..
1155 2355 1378 2396 Volcatius
1415 2354 1567 2396 Tullus
1605 2369 1715 2395 were

232 2408 406 2448 consuls
429 2410 472 2448 in
494 2414 561 2449 66.

291 2463 308 2486 ‘¹
343 2462 424 2504 Μ’.
450 2462 616 2503 Acilius
641 2462 838 2510 Glabrio,
863 2463 1015 2502 consul
1040 2463 1142 2503 with
1172 2462 1221 2504 C.
1247 2462 1512 2515 Calpurnius
1543 2462 1642 2503 Piso
1669 2464 1713 2504 in

230 2578 327 2626 476
