1868 3040
893 193 1145 241 CICERO

276 328 431 373 venit.
503 325 688 372 Facere
725 325 975 371 Antistius
1012 323 1132 370 nihil
1168 327 1350 386 potuit.
1422 323 1570 380 Nam,
1604 326 1644 371 si
1679 340 1764 386 po-

275 410 475 462 tuisset,
494 405 615 451 nihil
636 409 681 451 ei
701 404 878 451 fuisset
899 408 1170 467 antiquius,
1191 421 1343 467 quam
1364 405 1428 451 ad
1447 404 1766 467 Capitonem,

276 502 428 549 quem
477 493 534 532 ut
581 492 846 547 parentem
895 484 1158 548 diligebat,
1206 488 1409 541 reverti,
1469 487 1765 547 praesertim

277 583 390 613 cum
429 569 596 621 sciret,
635 568 812 627 quanti
850 568 889 611 is
929 564 1197 611 Caesarem
1237 563 1429 612 faceret
1466 579 1766 627 semperque

276 647 493 693 fecisset.
553 645 653 692 Sed
678 662 944 707 oppressus
970 653 1171 692 tantum
1198 649 1372 708 attigit
1397 649 1587 708 negoti,
1613 661 1768 707 quan-

229 735 254 772 4
279 735 387 774 tum
414 743 644 772 recusare
671 743 770 772 non
795 729 978 788 potuit.
1038 726 1164 772 Cum
1190 730 1476 788 signaretur
1501 732 1768 788 argentum

278 807 593 869 Apolloniae,
615 824 714 852 non
735 823 937 869 possum
959 807 1126 852 dicere
1149 822 1264 852 eum
1287 805 1581 868 praefuisse,
1602 821 1769 868 neque

277 903 479 951 possum
523 903 711 950 negare
757 886 993 942 adfuisse,
1037 887 1127 933 sed
1171 903 1270 932 non
1313 886 1423 949 plus
1468 887 1662 933 duobus
1707 902 1770 931 an

280 967 438 1014 tribus
457 969 727 1014 mensibus.
782 967 982 1014 Deinde
1002 966 1165 1013 abfuit
1184 984 1211 1013 a
1229 970 1403 1013 castris
1427 982 1438 1022 ;
1473 966 1605 1030 fugit
1621 982 1769 1012 omne

280 1051 556 1110 negotium.
625 1048 734 1093 Hoc
767 1047 885 1093 mihi
922 1055 977 1094 ut
1010 1051 1130 1094 testi
1165 1047 1312 1093 velim
1344 1047 1553 1102 credas3
1602 1062 1769 1093 meam

279 1132 413 1174 enim
453 1127 535 1173 ille
576 1131 884 1173 maestitiam
925 1131 974 1173 in
1015 1127 1097 1173 illo
1138 1127 1269 1173 bello
1311 1128 1532 1183 videbat,
1570 1143 1768 1172 mecum

278 1212 446 1254 onmia
470 1209 890 1254 communicabat.
964 1209 1145 1271 Itaque
1173 1208 1367 1254 abdidit
1392 1224 1445 1254 se
1467 1212 1517 1254 in
1539 1211 1769 1253 intimam

282 1288 655 1343 Macedoniam,
697 1306 796 1351 quo
836 1292 1004 1350 potuit
1046 1289 1330 1351 longissime
1372 1306 1401 1334 a
1440 1292 1632 1343 castris,
1671 1303 1770 1333 non

280 1369 430 1416 modo
458 1376 514 1415 ut
539 1386 637 1414 non
664 1377 924 1431 praeesset
951 1369 1034 1415 ulli
1062 1373 1285 1432 negotio,
1310 1369 1400 1415 sed
1433 1373 1586 1415 etiam
1621 1376 1676 1415 ut
1706 1383 1770 1413 ne

279 1452 550 1496 interesset
576 1450 797 1511 quidem.
861 1450 907 1495 Is
934 1457 1049 1511 post
1074 1449 1319 1511 proelium
1345 1466 1399 1495 se
1427 1450 1490 1496 ad
1516 1449 1770 1495 hominem

281 1533 636 1585 necessarium,
655 1530 716 1576 A.
741 1529 1013 1585 Plautium,
1032 1533 1082 1575 in
1102 1529 1393 1593 Bithyniam
1412 1530 1640 1576 contulit.
1694 1529 1769 1574 lbi

281 1626 398 1656 eum
433 1609 618 1655 Caesar
650 1626 764 1655 cum
799 1611 1021 1665 vidisset,
1055 1609 1176 1656 nihil
1210 1626 1405 1672 aspere,
1438 1609 1559 1656 nihil
1591 1609 1770 1656 acerbe

280 1690 423 1736 dixit.
477 1689 689 1736 Romam
708 1694 851 1737 iussit
871 1694 1055 1737 venire.
1109 1690 1268 1737 Illein
1286 1692 1517 1737 morbum
1534 1693 1771 1737 continuo

279 1770 471 1826 incidit,
521 1786 584 1816 ex
633 1787 733 1833 quo
777 1787 876 1817 non
920 1771 1186 1817 convaluit.
1283 1772 1456 1835 Aeger
1502 1770 1770 1835 Corcyram

279 1855 452 1907 venit;
502 1852 571 1897 ibi
607 1858 684 1897 est
718 1859 960 1898 mortuus.
1027 1852 1376 1908 Testamento,
1411 1852 1546 1915 quod
1580 1851 1770 1898 Romae

280 1930 453 1977 Paullo
478 1939 531 1978 et
559 1932 800 1978 Marcello
825 1932 1108 1978 consulibus
1133 1931 1343 1988 fecerat,
1367 1932 1512 1979 heres
1538 1949 1600 1979 ex
1624 1939 1770 1994 parte

280 2012 487 2058 dimidia
527 2019 580 2058 et
618 2016 771 2059 tertia
811 2020 889 2059 est
929 2013 1144 2075 Capit03
1201 2017 1251 2059 in
1289 2020 1527 2060 sextante
1565 2020 1684 2059 sunt
1718 2016 1769 2068 ii,

279 2108 491 2154 quorum
526 2109 658 2155 pars,
692 2096 798 2139 sine
835 2093 935 2139 ulla
967 2098 1263 2157 cuiusquam
1298 2094 1538 2157 querella,
1570 2093 1770 2156 publica

279 2180 450 2235 potest
475 2190 583 2220 esse
607 2190 620 2230 ;
670 2190 731 2220 ea
756 2181 834 2220 est
858 2174 922 2221 ad
947 2173 1030 2220 HS
1062 2175 1200 2239 [ffil.
1258 2173 1359 2221 Sed
1382 2175 1446 2222 de
1470 2174 1563 2221 hoc
1586 2173 1770 2220 Caesar

231 2261 255 2297 5
282 2253 475 2300 viderit.
543 2254 633 2309 Te,
669 2258 736 2300 mi
773 2254 974 2310 Plance,
1009 2272 1098 2317 pro
1132 2263 1347 2317 paterna
1382 2255 1769 2311 necessitudine,

415 2472 511 2514 “Of
528 2473 754 2515 Pharsalia
776 2477 818 2515 in
839 2478 893 2515 48
918 2490 993 2517 ιη’.
1281 2476 1297 2500 ⁶
1328 2477 1413 2524 Le..
1435 2479 1477 2516 in
1500 2480 1555 2516 50
1577 2489 1658 2518 me.

588 2535 601 2552 ⁶
632 2530 715 2574 ale..
737 2532 848 2568 3000
867 2531 1077 2577 wrm-eia,
1100 2531 1235 2570 about
1255 2529 1459 2577 EQUOOO.

287 2608 349 2656 92
