1837 3029
864 189 1116 236 CICERO

245 317 472 365 Anneius
498 318 765 382 intellegat
792 326 844 365 te
873 326 926 365 et
952 320 1044 365 sibi
1073 322 1285 365 amicum
1315 335 1442 374 esse,
1469 319 1604 382 quod
1630 322 1729 366 non

246 385 449 432 dubitat
481 386 654 447 (saepe
689 389 822 431 enim
864 402 1063 432 mecum
1096 386 1291 432 locutus
1326 386 1442 448 est),
1476 392 1530 433 et
1570 385 1729 433 multo

246 455 532 498 amiciorem
557 452 631 499 his
656 456 780 498 meis
804 452 986 499 litteris
1012 469 1120 499 esse
1146 452 1352 499 factum.
1423 452 1481 498 In
1505 459 1596 499 tuo
1619 459 1729 499 toto

246 521 455 580 imperio
485 526 640 581 atque
672 523 926 581 provincia
951 519 1070 565 nihil
1097 527 1191 575 est,
1217 519 1352 582 quod
1384 518 1504 565 mihi
1537 523 1728 582 gratius

245 584 411 632 facere
443 589 614 647 possis.
684 586 810 641 Iam,
843 587 978 648 apud
1009 590 1171 649 ipsum
1203 589 1543 649 gratissimum
1573 585 1729 632 homi-

245 669 360 698 nem
392 660 546 715 atque
577 656 825 715 optimum
855 657 1013 699 virum
1044 671 1195 715 quam
1226 655 1356 700 bene
1386 657 1637 716 positurus
1664 656 1728 700 sis

243 720 467 766 studium
502 727 647 767 tuum
683 728 839 784 atque
871 721 1104 777 officium,
1136 721 1370 768 dubitare
1404 727 1459 768 te
1493 736 1594 768 non
1626 723 1729 767 exi-

243 790 408 834 stimo.

936 895 1049 942 LVI

574 1018 630 1051 M.
665 1018 710 1051 T.
747 1019 788 1051 c.
824 1019 861 1051 s.
900 1020 946 1051 D.
982 1019 1192 1050 THERMO
1227 1019 1406 1051 PROPR.

736 1111 787 1152 In
808 1111 976 1159 Cilicia,
998 1125 1129 1153 A.U.c.
1153 1115 1248 1153 703.

197 1213 218 1254 1
307 1207 508 1254 Cluvius
531 1207 837 1254 Puteolanus
860 1208 1003 1255 valde
1025 1226 1106 1255 me
1128 1209 1362 1255 observat
1383 1207 1631 1271 valdeque
1652 1214 1731 1256 est

245 1275 364 1321 mihi
400 1275 670 1321 familiaris.
741 1276 788 1322 Is
824 1279 897 1322 ita
932 1276 1023 1321 sibi
1059 1276 1351 1337 persuadet,
1387 1276 1522 1338 quod
1555 1279 1607 1322 in
1642 1282 1732 1322 tua

244 1346 498 1404 provincia
520 1345 694 1405 negoti
719 1341 925 1397 habeat,
943 1346 1034 1388 nisi
1060 1350 1112 1389 te
1137 1346 1442 1404 provinciam
1466 1343 1731 1389 obtinente

245 1412 370 1455 meis
390 1410 911 1456 commendationibus
931 1408 1222 1465 confecerit,
1237 1410 1289 1456 id
1308 1426 1360 1456 se
1381 1412 1431 1456 in
1450 1410 1659 1472 perditis
1680 1416 1733 1456 et

246 1477 526 1538 desperatis
567 1475 873 1523 habiturum.
944 1476 1106 1531 Nunc,
1148 1493 1262 1522 cum
1303 1475 1424 1522 mihi
1468 1476 1532 1523 ab
1574 1479 1732 1523 amico

244 1544 597 1590 officiosissimo
633 1550 835 1590 tantum
872 1547 1035 1589 oneris
1071 1546 1362 1606 imponitur,
1400 1560 1495 1607 ego
1531 1559 1732 1606 quoque

247 1611 338 1657 tibi
356 1613 612 1673 imponam
630 1627 720 1673 pro
738 1614 838 1657 tuis
856 1614 907 1656 in
925 1627 1007 1656 me
1025 1614 1231 1657 summis
1248 1611 1434 1665 officiis,
1452 1613 1525 1657 ita
1541 1617 1732 1666 tamen,

247 1684 305 1724 ut
330 1678 420 1724 tibi
441 1678 592 1724 nolim
612 1678 853 1724 molestus
879 1694 1003 1724 esse.
1076 1677 1324 1726 Μυλασεῖς
1343 1683 1397 1724 et
1416 1676 1732 1737 Ἀλαβανδεῐς

245 1748 510 1806 pecuniam
528 1744 701 1791 Cluvio
717 1745 923 1791 debent.
995 1745 1210 1791 Dixerat
1225 1744 1344 1790 mihi
1362 1743 1732 1807 Euthydemus,

245 1828 358 1857 cum
392 1811 578 1873 Ephesi
613 1828 792 1866 essem,
824 1828 877 1858 se
910 1819 1218 1866 curaturum,
1251 1819 1309 1858 ut
1340 1811 1496 1859 ecdici
1530 1811 1730 1874 Mylasii

246 1878 457 1924 Romam
489 1882 831 1925 mitterentur.
901 1878 961 1924 Id
992 1877 1182 1924 factum
1216 1895 1315 1925 non
1349 1885 1442 1925 est.
1511 1878 1732 1941 Legatos

245 1946 395 1992 audio
420 1948 594 1992 missos
621 1962 730 1992 esse
753 1960 765 2001 ;
809 1945 900 1992 sed
924 1945 1056 1991 malo
1084 1946 1295 2000 ecdicos,
1322 1952 1380 1992 ut
1405 1944 1593 2007 aliquid
1619 1962 1732 1991 con-

306 2069 325 2087 ⁶
354 2063 448 2104 The
472 2063 616 2104 Cluvii
631 2077 743 2104 were
762 2077 790 2102 a
813 2062 1092 2114 Campanian
1112 2063 1283 2114 family,
1307 2076 1390 2103 one
1415 2063 1466 2103 of
1486 2062 1631 2103 whom
1655 2062 1729 2114 (cs.

252 2117 364 2170 Livy
389 2119 502 2158 xxvi.
529 2121 599 2158 33.
627 2118 671 2168 8)
695 2116 898 2169 supplied
930 2118 1104 2157 Roman
1133 2119 1327 2168 captives
1356 2116 1460 2157 with
1489 2118 1732 2169 provisions

249 2173 293 2211 in
313 2175 411 2212 215.
462 2171 568 2211 This
590 2170 771 2212 Cluvius
790 2171 898 2222 (M.)
915 2184 1003 2211 was
1025 2185 1052 2211 a
1073 2171 1262 2223 wealthy
1284 2170 1456 2212 banker
1477 2172 1528 2211 of
1546 2171 1729 2212 Puteoli.

251 2226 320 2266 He
341 2224 470 2266 made
491 2225 643 2266 Cicero
663 2239 747 2265 one
767 2226 818 2265 of
834 2225 900 2265 his
922 2225 1050 2265 heirs.

308 2279 324 2303 ὓ
358 2279 535 2331 Mylasa
558 2280 626 2330 (or
654 2279 870 2331 Mylassa)
896 2292 984 2319 was
1007 2292 1065 2319 an
1091 2278 1241 2319 inland
1266 2283 1383 2319 town
1408 2279 1458 2319 of
1477 2278 1621 2325 Caria,
1642 2277 1729 2318 and

247 2347 275 2374 a
295 2334 385 2375 free
404 2338 522 2375 town
542 2333 685 2374 under
703 2334 777 2373 the
801 2333 1012 2374 Romans.

309 2392 325 2413 ⁶
354 2387 593 2428 Alabanda
614 2400 702 2427 was
724 2387 817 2427 also
838 2401 865 2427 a
885 2388 977 2427 free
997 2391 1115 2427 town
1138 2387 1182 2426 in
1205 2386 1348 2427 Caria.

306 2440 326 2465 ‘¹
354 2441 508 2482 Ecdici
528 2455 638 2481 were
658 2440 836 2481 counsel
856 2445 953 2481 sent
972 2441 1033 2492 by
1053 2454 1080 2480 a
1105 2440 1346 2492 provincial
1366 2444 1483 2480 town
1503 2443 1548 2480 to
1568 2438 1729 2481 defend

249 2495 360 2535 their
393 2508 525 2535 cause
560 2499 606 2535 at
644 2496 797 2535 Rome.
863 2494 987 2545 They
1023 2509 1133 2535 were
1169 2494 1392 2545 generally
1429 2493 1649 2546 preferred
1685 2498 1731 2534 to

249 2549 396 2601 leyati,
431 2563 479 2590 as
513 2549 587 2590 the
620 2549 749 2589 latter
781 2548 911 2589 could
946 2548 1051 2599 only
1088 2548 1220 2588 make
1254 2563 1280 2588 a
1315 2552 1502 2600 request,
1539 2548 1731 2589 whereas

258 2620 350 2661 134
