1837 3029
876 175 1125 222 CICERO

260 307 524 350 missorum
555 307 750 350 exitum
782 311 1040 366 exspecto.
1108 304 1233 351 Vivo
1263 311 1439 351 tamen
1468 307 1520 350 in
1551 320 1613 351 ea
1642 320 1746 351 am-

259 385 452 431 bitione
491 392 545 431 et
582 385 772 440 labore,
809 392 1073 447 tamquam
1111 385 1180 440 id,
1218 385 1354 447 quod
1391 401 1492 431 non
1528 384 1746 448 postulo,

211 474 235 510 4
260 473 569 528 exspectem.
638 465 788 524 Quod
823 482 905 511 me
943 466 1006 512 de
1043 464 1287 512 faciendis
1323 466 1547 512 versibus
1582 481 1747 529 rogas,

258 546 550 593 incredibile
575 554 671 601 est,
693 549 762 592 mi
784 545 960 602 frater,
984 563 1135 609 quam
1161 563 1340 610 egeam
1364 553 1595 609 tempore
1619 562 1630 602 3
1653 562 1747 593 nec

258 644 379 673 sane
399 630 521 673 satis
539 644 857 674 commoveor
875 631 1042 673 animo
1062 628 1126 674 ad
1146 644 1224 683 ea,
1243 644 1374 690 quae
1394 630 1483 682 vis,
1500 627 1743 675 canenda.

252 707 554 757 “Υποθὲσεις1
579 724 696 754 vero
726 708 791 754 ad
823 724 902 763 ea,
931 724 1063 770 quae
1098 711 1206 770 ipse
1244 725 1339 771 ego
1375 724 1439 754 ne
1474 708 1745 769 cogitando

256 790 463 852 quidem
495 805 792 852 consequor,
824 796 900 843 tu,
933 792 1018 852 qui
1051 805 1226 835 omnes
1258 793 1355 835 isto
1388 788 1658 852 eloquendi
1691 795 1744 835 et

256 870 573 932 exprimendi
596 886 786 933 genere
814 873 1083 932 superasti,
1103 886 1131 915 a
1159 886 1240 915 me
1265 870 1435 931 petis?
1503 869 1743 915 Facerem

254 958 448 1006 tamen,
472 957 530 997 ut
554 967 753 1014 possem
778 966 789 1006 ;
831 951 922 997 sed
947 950 1104 1013 (quod
1129 957 1182 996 te
1208 953 1414 996 minime
1438 948 1592 1014 fugit)
1617 966 1742 1012 opus

254 1039 333 1078 est
363 1032 426 1078 ad
455 1048 638 1094 poema
666 1031 887 1094 quadam
917 1034 1070 1076 animi
1100 1030 1382 1087 alacritate,
1410 1047 1563 1094 quam
1591 1029 1741 1092 plane

252 1112 372 1159 mibi
419 1120 653 1174 tempora
697 1115 934 1174 eripiunt.
1002 1112 1216 1158 Abduc-o
1263 1112 1502 1174 equidem
1547 1127 1630 1157 me
1675 1112 1740 1157 ab

251 1196 386 1239 omni
415 1192 722 1255 reipublicae
751 1209 888 1248 cura,
917 1193 1152 1255 dedoque
1181 1192 1364 1238 litteris
1388 1207 1399 1247 3
1447 1192 1536 1238 sed
1565 1199 1737 1238 tamen

251 1275 482 1320 indicabo
515 1274 626 1329 tibi,
658 1273 794 1335 quod
824 1272 1113 1319 mehercule
1145 1276 1196 1318 in
1229 1276 1400 1335 primis
1432 1280 1485 1319 te
1517 1272 1737 1319 celatum

249 1355 495 1401 volebam.
564 1355 757 1417 Angor,
774 1357 841 1399 mi
858 1357 1150 1400 suavissime
1167 1352 1343 1409 frater,
1359 1370 1534 1416 angor,
1550 1353 1737 1399 nullam

249 1452 358 1482 esse
398 1434 781 1497 rempublicam,
822 1434 957 1480 nulla
997 1434 1215 1490 iudicia;
1274 1442 1604 1497 nostrumque
1645 1433 1738 1480 hoc

247 1524 451 1579 tempus
494 1519 697 1571 aetatis,
740 1515 876 1578 quod
917 1518 968 1560 in
1011 1515 1094 1560 illa
1137 1518 1442 1561 auctoritate
1485 1519 1739 1562 senatoria

246 1597 424 1644 florere
449 1597 692 1652 debebat,
713 1603 802 1642 aut
825 1595 1010 1642 forensi
1037 1596 1207 1642 labore
1231 1599 1426 1651 iactari,
1450 1603 1540 1642 aut
1562 1596 1731 1642 dome-

245 1682 381 1725 sticis
421 1678 605 1725 litteris
645 1680 955 1733 sustentari;
995 1676 1118 1724 illud
1159 1693 1295 1732 vero,
1330 1677 1466 1740 quod
1507 1693 1537 1723 a
1576 1691 1734 1739 puero

245 1760 555 1815 adamaram,

292 1866 504 1913 πολλὸν2
541 1865 807 1928 ἀριστεύειν
845 1866 921 1911 καὶ
960 1865 1215 1929 ὑπείροχον
1253 1866 1439 1928 ἔμμεναι
1476 1866 1657 1924 ἄλλων,

243 1984 411 2024 totum
431 1976 670 2023 occidisse
694 1991 706 2031 ;
743 1979 969 2022 inimicos
991 1993 1020 2022 a
1041 1992 1122 2021 me
1144 1979 1328 2038 partim
1351 1992 1451 2022 non
1471 1991 1733 2039 oppugna-

244 2067 340 2114 tos,
364 2061 549 2120 partim
588 2061 743 2104 etiam
783 2073 892 2103 esse
931 2056 1166 2104 defensos
1186 2073 1197 2112 ;
1234 2074 1406 2103 meum
1443 2074 1545 2103 non
1581 2057 1732 2103 modo

244 2143 485 2194 animum,
508 2139 598 2185 sed
620 2155 683 2184 ne
707 2138 877 2184 odium
901 2138 1107 2200 quidem
1131 2154 1240 2183 esse
1262 2137 1476 2184 liberum
1500 2153 1512 2193 3
1552 2154 1731 2184 unum-

243 2236 341 2282 que
381 2236 443 2265 ex
482 2220 713 2265 omnibus
751 2218 1020 2264 Caesarem
1059 2234 1168 2264 esse
1206 2221 1488 2273 inventum,
1525 2221 1611 2281 qui
1647 2233 1730 2264 me

243 2307 463 2355 tantum,
479 2307 727 2362 quantum
745 2316 839 2362 ego
857 2299 1056 2355 vellem,
1072 2307 1286 2354 amaret,
1302 2306 1391 2345 aut
1407 2303 1562 2345 etiam
1579 2299 1730 2362 (sicut

306 2409 320 2432 ¹
350 2413 457 2447 most
497 2408 592 2447 edd.
612 2425 621 2448 ε
665 2410 925 2446 διατυπώσας
964 2407 1196 2453 Bia-helem
1237 2407 1441 2458 possibly.
1471 2420 1520 2446 as
1557 2407 1726 2458 Tyrrell

248 2467 452 2512 sagmas-ts,
474 2465 719 2508 ἑμπνεύσεις,
743 2461 1120 2512 “’ἱη3ρὶ7·αί’ἱοη3.”

302 2517 316 2539 ²
350 2528 475 2556 ussa
509 2516 580 2554 buc
605 2514 762 2555 Homer
782 2516 857 2554 has
878 2518 959 2553 αἰὲν
982 2516 1028 2555 in
1052 2514 1101 2555 ll.
1123 2517 1178 2555 vi.
1200 2518 1281 2554 ⁶208
1302 2514 1390 2554 and
1410 2516 1465 2554 xi.
1487 2517 1582 2556 784.

247 2586 340 2633 592
