1868 3040
830 203 1081 251 CICERO

213 349 312 395 quo
361 333 451 379 illis
503 334 739 395 prodesse
790 350 1003 395 possem,
1056 337 1532 395 praetermitterem.
1600 330 1698 378 Sed

214 431 416 492 quando
445 431 579 492 apud
606 438 657 477 te
686 430 837 477 nihilo
865 434 1026 476 minus
1055 430 1146 477 hoc
1172 438 1402 493 tempore
1430 429 1595 476 valere
1619 444 1701 474 me

214 527 428 583 confido,
473 545 622 590 quam
673 528 911 574 valuerim
956 545 1156 590 semper
1201 528 1335 590 apud
1379 544 1571 582 omnes,
1613 542 1702 588 pro

217 632 388 671 nostra
430 642 625 671 summa
672 627 1042 672 necessitudine
1088 629 1297 689 parique
1342 629 1474 672 inter
1518 640 1606 671 nos
1651 629 1704 668 et

215 729 393 769 mutua
411 723 766 770 benevolentia
785 725 872 770 abs
891 731 942 770 te
962 731 1100 786 peto,
1120 731 1176 770 ut
1193 727 1266 770 ita
1283 724 1346 770 de
1365 723 1704 770 Volaterranis

215 836 460 876 mereare,
502 828 560 867 ut
601 824 913 876 existiment,
955 837 1070 867 eum
1114 824 1254 883 quasi
1297 821 1463 867 divino
1503 817 1704 866 consilio

217 919 297 964 isti
346 921 552 982 negotio
599 922 944 981 praepositum
993 935 1121 974 esse,
1169 918 1304 981 apud
1351 935 1503 980 quem
1550 932 1704 962 unum

216 1030 322 1070 nos,
369 1031 542 1062 eorum
588 1019 823 1079 perpetui
869 1015 1179 1073 defensores,
1223 1016 1493 1078 plurimum
1538 1013 1704 1061 valere

215 1128 491 1174 possemus.

935 1392 982 1442 V

212 1534 267 1567 M.
291 1535 335 1567 T.
363 1537 403 1567 C.
431 1537 467 1567 S.
496 1537 539 1568 P.
568 1538 614 1569 D.
642 1538 686 1574 Q.
715 1539 923 1569 VALERIO
949 1540 992 1576 Q.
1022 1540 1064 1570 F.
1092 1540 1266 1580 ORCAE,
1291 1539 1398 1570 LEG.
1425 1538 1699 1569 PROPRAET.

732 1651 915 1697 Romae.
937 1665 1069 1692 aare.
1092 1655 1188 1692 709.

167 1778 186 1818 1
282 1772 394 1819 Non
423 1773 634 1820 moleste
670 1773 775 1821 fero
810 1792 921 1821 eam
952 1776 1395 1832 necessitudinem,
1420 1793 1551 1838 quae
1580 1774 1699 1821 mihi

213 1877 381 1916 tecum
408 1878 502 1926 est,
528 1879 700 1918 notam
727 1889 835 1919 esse
861 1890 1011 1935 quam
1037 1873 1259 1935 plurimis
1284 1889 1295 1928 ;
1338 1890 1503 1936 neque
1528 1880 1699 1920 tamen

212 1968 277 2014 ob
314 1985 425 2014 eam
461 1986 663 2016 causam
699 1971 856 2032 (quod
890 1977 947 2017 tu
983 1974 1174 2033 optime
1211 1974 1499 2017 existimare
1534 1971 1699 2033 potes)

211 2072 264 2112 te
290 2067 529 2129 impedio,
557 2084 656 2130 quo
683 2072 845 2115 minus
872 2076 1163 2131 susceptum
1191 2072 1470 2132 negotium,
1496 2086 1585 2131 pro
1610 2075 1698 2115 tua

212 2162 309 2209 fide
337 2171 389 2210 et
414 2165 694 2228 diligentia,
721 2183 783 2212 ex
810 2166 1071 2213 voluntate
1098 2167 1341 2222 Caesaris,
1366 2170 1451 2229 qui
1476 2167 1567 2214 tibi
1591 2183 1696 2213 rem

210 2277 447 2324 magnam
471 2262 823 2326 difficilemque
848 2268 1114 2320 commisit,
1136 2281 1314 2328 gerere
1338 2267 1510 2326 possis.
1567 2263 1695 2311 Nam

209 2375 322 2404 cum
349 2359 494 2406 multi
523 2377 552 2406 a
577 2377 659 2407 me
687 2368 869 2423 petant
896 2362 1072 2417 multa,
1100 2363 1234 2424 quod
1262 2363 1325 2409 de
1352 2369 1442 2409 tua
1469 2378 1589 2425 erga
1613 2377 1695 2408 me

209 2455 469 2504 voluntate
497 2475 596 2504 non
623 2459 878 2514 dubitent,
905 2477 1003 2505 non
1031 2464 1310 2515 committo,
1337 2467 1394 2506 ut
1420 2460 1694 2506 ambitione

159 2559 183 2597 2
208 2570 321 2600 mea
343 2557 637 2602 conturbem
661 2557 872 2602 officium
896 2564 1056 2604 tuum.
1128 2558 1180 2604 C.
1205 2557 1378 2604 Curtio
1401 2557 1463 2603 ab
1484 2561 1693 2604 ineunte

215 2637 276 2676 20
