1837 3029
855 193 1106 241 CICERO

234 325 479 384 susceptis
503 322 772 377 laboribus,
794 338 876 367 me
899 338 999 368 non
1022 322 1283 385 indignum
1307 321 1513 378 honore,
1534 326 1722 371 usitato

236 413 551 472 praesertim,
576 413 997 455 existimaturum.
1056 409 1204 467 Quod
1227 413 1266 455 si
1291 413 1362 456 ita
1385 413 1498 466 erit,
1520 417 1720 458 tantum

237 514 299 543 ex
347 505 400 543 te
448 504 587 559 peto,
625 497 760 559 quod
797 499 1094 543 amicissime
1141 498 1330 552 scribis,
1367 505 1442 553 ut,
1478 514 1591 544 cum
1631 505 1721 546 tuo

235 586 434 640 iudicio,
468 585 604 647 quod
638 584 998 646 amplissimum
1033 601 1142 631 esse
1177 586 1449 641 arbitraris,
1483 585 1602 631 mihi
1635 589 1721 632 tri-

234 672 420 726 buci-iffi
450 675 488 718 si
520 672 587 728 id,
619 673 754 735 quod
785 671 1025 727 maluero,
1056 673 1311 728 acciderit,
1340 673 1579 736 gaudeas.
1643 673 1721 720 Sic

236 763 369 806 enim
418 759 594 806 fecisse
643 767 714 816 te,
761 767 814 806 et
862 763 1093 815 sensisse,
1141 767 1194 807 et
1242 764 1492 823 scripsisse
1542 761 1721 808 video:

234 864 416 910 resque
459 851 567 910 ipsa
609 847 850 902 declarat,
894 848 985 893 tibi
1029 847 1167 908 illum
1210 846 1451 895 honorem
1495 856 1720 896 nostrum

234 934 610 997 supplicationis
647 936 919 981 iucundum
959 933 1128 990 fuisse,
1166 936 1300 998 quod
1337 937 1599 983 scribendo
1637 937 1722 984 ad-

235 1021 389 1069 fuisti.
459 1023 601 1069 Haec
638 1026 772 1069 enim
808 1029 1014 1069 senatus
1049 1022 1278 1069 consulta
1313 1039 1413 1070 non
1446 1027 1622 1087 ignoro
1657 1024 1725 1071 ab

235 1114 543 1156 amicissimis
566 1113 690 1166 eius,
711 1113 851 1156 cuius
873 1110 936 1157 de
959 1108 1147 1156 honore
1171 1114 1355 1172 agitur,
1377 1111 1522 1157 scribi
1544 1110 1720 1158 solere.

235 1198 363 1261 Ego,
392 1205 450 1244 ut
478 1214 642 1260 spero,
670 1207 724 1244 te
753 1198 1048 1259 propediem
1078 1198 1258 1244 videbo
1282 1212 1294 1253 ;
1342 1205 1496 1261 atque
1527 1202 1720 1245 utinam

234 1285 489 1348 republica
514 1284 736 1340 meliore,
761 1301 912 1348 quam
937 1288 1093 1331 timeo
1116 1285 1127 1332 l

930 1488 1026 1535 VII

307 1613 363 1645 M.
398 1614 443 1644 T.
481 1613 521 1644 C.
561 1612 756 1644 PRocos.
791 1613 829 1644 S.
867 1612 911 1643 P.
949 1613 995 1644 D.
1033 1612 1073 1644 C.
1111 1613 1366 1644 MARCELLO
1400 1612 1498 1645 Cos.
1535 1613 1639 1647 DES.

519 1716 639 1756 Inter
661 1716 860 1756 Iconium
882 1726 923 1755 er
946 1715 1166 1767 Cybistra,
1188 1729 1320 1757 A.U.C.
1343 1718 1439 1757 703.

301 1822 529 1867 Maxima
561 1838 670 1867 sum
697 1821 893 1867 laetitia
925 1820 1152 1876 affectus,
1177 1837 1290 1867 cum
1325 1821 1490 1868 audivi
1523 1829 1576 1868 te
1605 1839 1720 1870 con-

233 1910 392 1957 sulem
425 1909 618 1955 factum
653 1924 780 1964 esse,
814 1924 1033 1971 eumque
1067 1907 1307 1954 honorem
1343 1909 1435 1954 tibi
1469 1909 1590 1956 deos
1622 1909 1719 1957 for-

233 2006 413 2044 tunare
459 1997 586 2052 volo,
632 2004 787 2059 atque
833 2012 862 2042 a
906 2003 960 2042 te
1004 2011 1094 2058 pro
1139 2002 1230 2042 tua
1274 1999 1599 2059 parentisque
1644 2002 1716 2044 tui

232 2085 483 2148 dignitate
518 2085 870 2131 administrari.
930 2083 1059 2129 Nam
1093 2099 1207 2129 cum
1236 2089 1290 2129 te
1323 2099 1524 2146 semper
1555 2089 1716 2132 amavi

232 2173 505 2235 dilexique,
539 2179 649 2218 tum
685 2174 784 2218 mei
819 2174 1219 2217 amantissimum
1253 2173 1464 2234 cognovi
1497 2174 1548 2217 in
1582 2177 1717 2219 omni

233 2264 480 2306 varietate
523 2276 690 2305 rerum
734 2275 979 2314 mearum,
1022 2266 1129 2305 tum
1175 2261 1332 2320 patris
1376 2261 1448 2304 tui
1493 2257 1716 2320 pluribus

232 2347 505 2402 beneficiis,
530 2347 606 2393 vel
630 2345 866 2393 defensus
890 2346 1451 2407 tristibus·temporibus
1475 2345 1553 2391 vel
1573 2363 1716 2394 orna-

293 2491 311 2508 ⁰
342 2485 506 2525 Consul
546 2487 588 2525 in
630 2489 683 2524 50
725 2485 825 2524 with
877 2485 1036 2523 Lucius
1081 2483 1270 2524 Paullus.
1349 2482 1436 2524 For
1482 2482 1556 2523 the
1595 2483 1715 2525 three

240 2539 438 2580 Marcelli
461 2554 530 2579 see
554 2543 655 2579 note
675 2539 698 2579 ὁ
720 2552 774 2579 οη
801 2540 852 2578 iv.
877 2542 915 2578 7.
939 2542 978 2579 6.

238 2608 333 2654 270
