1837 3029
870 161 1122 209 CICERO

249 290 473 353 expulso.
535 290 674 337 Bruti
702 291 886 338 deinde
911 295 983 338 ita
1007 291 1168 338 multa
1191 300 1417 355 peccata,
1442 299 1500 339 ut
1524 292 1743 356 quodam

248 378 398 425 modo
431 382 635 425 victoria
667 379 924 425 excideret
957 396 983 425 c
1015 381 1244 426 manibus
1270 397 1280 427 t
1330 384 1642 442 perterritos,
1672 384 1744 427 in-

249 482 430 522 ermes,
451 470 642 513 saucios
665 484 762 513 non
784 475 900 513 sunt
924 471 1078 513 nostri
1101 467 1252 514 duces
1274 472 1526 530 persecuti
1547 468 1746 514 datum-

250 570 349 616 que
381 554 572 616 Lepido
602 561 804 616 tempus
835 562 929 610 est,
958 558 1007 600 in
1038 572 1136 618 quo
1165 555 1429 602 levitatem
1458 559 1563 603 eius
1592 572 1745 618 saepe

250 650 568 704 perspectam
608 643 877 689 maioribus
917 646 966 688 in
1006 643 1147 689 malis
1188 647 1546 705 experiremur.
1618 642 1745 689 Sunt

251 733 501 776 exercitus
533 731 667 785 boni,
696 730 785 776 sed
819 730 968 777 rudes
1004 730 1146 777 Bruti
1175 738 1229 777 et
1265 730 1451 786 Planci,
1479 738 1596 777 sunt
1627 731 1747 777 fide-

203 823 228 862 3
253 817 419 864 lissma
450 825 503 864 et
533 821 754 864 maxima
786 818 970 864 auxilia
1003 819 1276 865 Gallorum.
1347 818 1447 865 Sed
1477 818 1746 865 Caesarem

254 909 378 952 meis
426 906 639 952 consiliis
677 905 840 952 adhuc
883 907 1242 969 gubernatum,
1290 906 1547 969 praeclara
1582 909 1746 969 ipsum

254 993 419 1040 indole
469 994 851 1056 admirabilique
901 997 1185 1040 constantia
1238 995 1615 1057 improbissimis
1667 993 1747 1040 lit-

252 1084 373 1128 teris
411 1082 617 1144 quidam
659 1081 1020 1144 fallacibusque
1062 1083 1425 1144 interpretibus
1466 1099 1522 1128 ac
1558 1085 1745 1128 nuntiis

252 1169 561 1231 impulerunt
599 1173 648 1215 in
685 1186 828 1232 spem
867 1173 1198 1216 certissimam
1241 1169 1561 1217 consulatus:
1611 1169 1746 1232 quod

251 1257 397 1303 simul
424 1265 578 1320 atque
605 1261 754 1312 sensi,
781 1274 947 1320 neque
975 1274 1070 1321 ego
1100 1257 1240 1303 illum
1267 1259 1533 1304 absentem
1563 1257 1744 1304 litteris

250 1361 457 1391 monere
492 1345 666 1392 destiti
702 1361 794 1391 nec
829 1362 1063 1392 accusare
1097 1353 1392 1408 praesentes
1431 1349 1536 1392 eius
1575 1360 1744 1391 neces-

251 1436 421 1488 sarios,
443 1437 526 1496 qui
554 1437 658 1479 eius
686 1433 953 1495 cupiditati
979 1432 1238 1496 suffragari
1262 1433 1578 1479 videbantur.
1639 1431 1746 1478 Nec

253 1524 302 1566 in
334 1528 514 1567 senatu
546 1521 1045 1567 sceleratissimorum
1079 1521 1396 1567 consiliorum
1431 1520 1597 1566 fontes
1631 1535 1748 1581 ape·
1803 1503 1806 1507 ⁵

251 1612 347 1654 rire
385 1609 630 1664 dubitavi,
667 1625 759 1655 nec
798 1625 914 1654 vero
947 1609 1045 1654 ulla
1075 1612 1124 1654 in
1161 1625 1214 1655 re
1246 1612 1451 1654 memini
1483 1615 1572 1654 aut
1605 1623 1748 1654 sena-

251 1704 361 1742 tum
393 1697 654 1742 meliorem
686 1704 775 1742 aut
808 1700 1133 1759 magistratus
1159 1712 1170 1752 ;
1221 1713 1498 1759 numquam
1531 1698 1665 1741 enim
1696 1697 1748 1741 in

250 1783 437 1830 honore
471 1784 866 1830 extraordinario
898 1788 1120 1846 potentis
1151 1783 1363 1830 hominis
1395 1783 1474 1830 vel
1502 1785 1748 1846 potentis-

249 1875 360 1918 simi
386 1872 1031 1935 potius—quandoquidem
1058 1875 1289 1934 potentia
1313 1875 1413 1918 iam
1437 1874 1488 1917 in
1513 1874 1559 1917 vi
1584 1874 1748 1934 posita

251 1967 327 2006 est
356 1967 407 2006 et
435 1960 834 2006 armis—accidit
862 1967 917 2006 ut
948 1977 1096 2005 nemo
1130 1961 1360 2006 tribunus
1394 1959 1571 2021 plebis,
1598 1974 1747 2005 nemo

251 2047 345 2093 alio
379 2051 429 2093 in
463 2051 781 2110 magistratu,
816 2064 964 2094 nemo
998 2051 1220 2110 privatus
1254 2054 1428 2093 auctor
1461 2050 1744 2093 exsisteret.

252 2134 350 2181 Sed
382 2139 431 2181 in
462 2134 555 2181 hac
586 2139 871 2182 constantia
902 2143 1057 2198 atque
1091 2139 1276 2182 virtute
1309 2142 1418 2181 erat
1449 2141 1624 2181 tamen
1654 2133 1747 2180 sol-

252 2222 387 2269 licita
424 2227 628 2269 civitas:
689 2223 941 2270 illudimur
979 2226 1131 2278 enim,
1169 2223 1342 2278 Brute,
1379 2229 1490 2268 tum
1529 2222 1746 2268 militum

250 2310 456 2366 deliciis,
483 2318 591 2356 tum
619 2314 934 2372 imperatoris
961 2311 1226 2357 insolentia
1252 2328 1261 2357 ε
1306 2317 1508 2356 tantum
1534 2313 1747 2372 quisque

540 2529 561 2552 ⁰
591 2527 788 2576 Antony.
852 2525 933 2565 Sef-
954 2525 1026 2565 the
1047 2526 1195 2577 eighth
1219 2526 1461 2577 Philippic.

249 2597 342 2638 684
