<?xml version="1.0" encoding="UTF-8"?>
<!DOCTYPE html PUBLIC "-//W3C//DTD XHTML 1.0 Transitional//EN"
    "http://www.w3.org/TR/xhtml1/DTD/xhtml1-transitional.dtd">
<html xmlns="http://www.w3.org/1999/xhtml" xml:lang="en" lang="en">
 <head>
  <title>
</title>
<meta http-equiv="Content-Type" content="text/html;charset=utf-8" />
  <meta name='ocr-system' content='tesseract 3.04.00' />
  <meta name='ocr-capabilities' content='ocr_page ocr_carea ocr_par ocr_line ocrx_word'/>
</head>
<body>
  <div class='ocr_page' id='page_1' title='image "./letterstohisfrie03ciceuoft_0752.png"; bbox 0 0 1837 3029; ppageno 0'>
   <div class='ocr_carea' id='block_1_1' title="bbox 861 168 1112 217">
    <p class='ocr_par' dir='ltr' id='par_1_1' title="bbox 861 168 1112 217">
     <span class='ocr_line' id='line_1_1' title="bbox 861 168 1112 217; baseline 0.004 -1"><span class='ocrx_word' id='word_1_1' title='bbox 861 168 1112 217; x_wconf 89' lang='lat' dir='ltr'>CICERO</span> 
     </span>
    </p>
   </div>
   <div class='ocr_carea' id='block_1_2' title="bbox 189 297 1736 2352">
    <p class='ocr_par' dir='ltr' id='par_1_2' title="bbox 189 297 1736 2352">
     <span class='ocr_line' id='line_1_2' title="bbox 241 297 1734 361; baseline 0.001 -16"><span class='ocrx_word' id='word_1_2' title='bbox 241 298 521 345; x_wconf 88' lang='lat' dir='ltr'>Antonium</span> <span class='ocrx_word' id='word_1_3' title='bbox 547 313 656 345; x_wconf 90' lang='lat' dir='ltr'>esse</span> <span class='ocrx_word' id='word_1_4' title='bbox 681 297 934 354; x_wconf 89' lang='lat' dir='ltr'>maluerit,</span> <span class='ocrx_word' id='word_1_5' title='bbox 960 315 988 344; x_wconf 91' lang='lat' dir='ltr'>a</span> <span class='ocrx_word' id='word_1_6' title='bbox 1013 315 1112 361; x_wconf 91' lang='lat' dir='ltr'>quo</span> <span class='ocrx_word' id='word_1_7' title='bbox 1146 301 1243 345; x_wconf 87' lang='lat' dir='ltr'>ista</span> <span class='ocrx_word' id='word_1_8' title='bbox 1272 298 1497 361; x_wconf 86' lang='lat' dir='ltr'>petenda</span> <span class='ocrx_word' id='word_1_9' title='bbox 1522 305 1692 346; x_wconf 84' lang='lat' dir='ltr'>essent</span> <span class='ocrx_word' id='word_1_10' title='bbox 1715 299 1734 346; x_wconf 88' lang='lat'>?</span> 
     </span>
     <span class='ocr_line' id='line_1_3' title="bbox 244 391 1735 456; baseline 0.001 -18"><span class='ocrx_word' id='word_1_11' title='bbox 244 391 437 439; x_wconf 84' lang='lat' dir='ltr'>Vindici</span> <span class='ocrx_word' id='word_1_12' title='bbox 465 393 670 456; x_wconf 90' lang='lat' dir='ltr'>quidem</span> <span class='ocrx_word' id='word_1_13' title='bbox 698 392 891 439; x_wconf 87' lang='lat' dir='ltr'>alienae</span> <span class='ocrx_word' id='word_1_14' title='bbox 919 392 1292 449; x_wconf 86' lang='lat' dir='ltr'>dominationis,</span> <span class='ocrx_word' id='word_1_15' title='bbox 1312 410 1412 440; x_wconf 91' lang='lat' dir='ltr'>non</span> <span class='ocrx_word' id='word_1_16' title='bbox 1437 396 1636 449; x_wconf 86' lang='lat' dir='ltr'>vicario,</span> <span class='ocrx_word' id='word_1_17' title='bbox 1657 410 1735 440; x_wconf 91' lang='lat' dir='ltr'>ec·</span> 
     </span>
     <span class='ocr_line' id='line_1_4' title="bbox 243 487 1734 551; baseline 0.001 -18"><span class='ocrx_word' id='word_1_18' title='bbox 243 490 352 550; x_wconf 90' lang='lat' dir='ltr'>quis</span> <span class='ocrx_word' id='word_1_19' title='bbox 379 488 645 550; x_wconf 82' lang='lat' dir='ltr'>supplicat,</span> <span class='ocrx_word' id='word_1_20' title='bbox 672 494 729 534; x_wconf 87' lang='lat' dir='ltr'>ut</span> <span class='ocrx_word' id='word_1_21' title='bbox 753 490 945 549; x_wconf 82' lang='lat' dir='ltr'>optime</span> <span class='ocrx_word' id='word_1_22' title='bbox 972 491 1163 534; x_wconf 83' lang='lat' dir='ltr'>meritis</span> <span class='ocrx_word' id='word_1_23' title='bbox 1190 487 1253 534; x_wconf 92' lang='lat' dir='ltr'>de</span> <span class='ocrx_word' id='word_1_24' title='bbox 1279 504 1333 534; x_wconf 92' lang='lat' dir='ltr'>re</span> <span class='ocrx_word' id='word_1_25' title='bbox 1359 487 1560 551; x_wconf 90' lang='lat' dir='ltr'>publica</span> <span class='ocrx_word' id='word_1_26' title='bbox 1585 487 1734 535; x_wconf 86' lang='lat' dir='ltr'>liceat</span> 
     </span>
     <span class='ocr_line' id='line_1_5' title="bbox 189 581 1731 646; baseline 0.001 -20"><span class='ocrx_word' id='word_1_27' title='bbox 189 589 213 627; x_wconf 90' lang='lat'><strong>3</strong></span> <span class='ocrx_word' id='word_1_28' title='bbox 238 598 347 628; x_wconf 76' lang='lat' dir='ltr'>esse</span> <span class='ocrx_word' id='word_1_29' title='bbox 393 581 538 629; x_wconf 83' lang='lat' dir='ltr'>salvis</span> <span class='ocrx_word' id='word_1_30' title='bbox 563 582 581 628; x_wconf 74' lang='grc' dir='ltr'><em>Ρ</em></span> <span class='ocrx_word' id='word_1_31' title='bbox 652 581 755 628; x_wconf 83' lang='lat' dir='ltr'>Ista</span> <span class='ocrx_word' id='word_1_32' title='bbox 802 598 918 629; x_wconf 80' lang='lat' dir='ltr'>vero</span> <span class='ocrx_word' id='word_1_33' title='bbox 965 582 1281 629; x_wconf 73' lang='lat' dir='ltr'>imbecillitas</span> <span class='ocrx_word' id='word_1_34' title='bbox 1328 589 1382 629; x_wconf 83' lang='lat' dir='ltr'>et</span> <span class='ocrx_word' id='word_1_35' title='bbox 1426 582 1731 646; x_wconf 81' lang='lat' dir='ltr'>desperatio,</span> 
     </span>
     <span class='ocr_line' id='line_1_6' title="bbox 238 676 1732 741; baseline 0.001 -19"><span class='ocrx_word' id='word_1_36' title='bbox 238 680 376 722; x_wconf 92' lang='lat' dir='ltr'>cuius</span> <span class='ocrx_word' id='word_1_37' title='bbox 402 676 548 739; x_wconf 89' lang='lat' dir='ltr'>culpa</span> <span class='ocrx_word' id='word_1_38' title='bbox 574 693 672 723; x_wconf 90' lang='lat' dir='ltr'>non</span> <span class='ocrx_word' id='word_1_39' title='bbox 697 680 857 740; x_wconf 85' lang='lat' dir='ltr'>magis</span> <span class='ocrx_word' id='word_1_40' title='bbox 882 680 932 723; x_wconf 92' lang='lat' dir='ltr'>in</span> <span class='ocrx_word' id='word_1_41' title='bbox 957 684 1010 724; x_wconf 86' lang='lat' dir='ltr'>te</span> <span class='ocrx_word' id='word_1_42' title='bbox 1035 677 1225 724; x_wconf 82' lang='lat' dir='ltr'>residet</span> <span class='ocrx_word' id='word_1_43' title='bbox 1250 694 1402 741; x_wconf 85' lang='lat' dir='ltr'>quam</span> <span class='ocrx_word' id='word_1_44' title='bbox 1426 680 1477 723; x_wconf 91' lang='lat' dir='ltr'>in</span> <span class='ocrx_word' id='word_1_45' title='bbox 1501 677 1732 724; x_wconf 91' lang='lat' dir='ltr'>omnibus</span> 
     </span>
     <span class='ocr_line' id='line_1_7' title="bbox 239 771 1734 836; baseline 0.001 -19"><span class='ocrx_word' id='word_1_46' title='bbox 239 771 363 826; x_wconf 85' lang='lat' dir='ltr'>aliis,</span> <span class='ocrx_word' id='word_1_47' title='bbox 402 778 455 818; x_wconf 86' lang='lat' dir='ltr'>et</span> <span class='ocrx_word' id='word_1_48' title='bbox 494 771 763 818; x_wconf 84' lang='lat' dir='ltr'>Caesarem</span> <span class='ocrx_word' id='word_1_49' title='bbox 801 775 851 818; x_wconf 91' lang='lat' dir='ltr'>in</span> <span class='ocrx_word' id='word_1_50' title='bbox 890 772 1223 834; x_wconf 82' lang='lat' dir='ltr'>cupiditatem</span> <span class='ocrx_word' id='word_1_51' title='bbox 1262 775 1405 836; x_wconf 88' lang='lat' dir='ltr'>regni</span> <span class='ocrx_word' id='word_1_52' title='bbox 1441 772 1643 835; x_wconf 86' lang='lat' dir='ltr'>impulit</span> <span class='ocrx_word' id='word_1_53' title='bbox 1680 779 1734 818; x_wconf 88' lang='lat' dir='ltr'>et</span> 
     </span>
     <span class='ocr_line' id='line_1_8' title="bbox 239 865 1733 930; baseline 0.001 -19"><span class='ocrx_word' id='word_1_54' title='bbox 239 866 462 912; x_wconf 86' lang='lat' dir='ltr'>Antonio</span> <span class='ocrx_word' id='word_1_55' title='bbox 493 873 607 929; x_wconf 84' lang='lat' dir='ltr'>post</span> <span class='ocrx_word' id='word_1_56' title='bbox 638 869 901 914; x_wconf 85' lang='lat' dir='ltr'>interitum</span> <span class='ocrx_word' id='word_1_57' title='bbox 933 867 1060 913; x_wconf 91' lang='lat' dir='ltr'>illius</span> <span class='ocrx_word' id='word_1_58' title='bbox 1092 870 1358 930; x_wconf 85' lang='lat' dir='ltr'>persuasit,</span> <span class='ocrx_word' id='word_1_59' title='bbox 1389 873 1448 914; x_wconf 88' lang='lat' dir='ltr'>ut</span> <span class='ocrx_word' id='word_1_60' title='bbox 1476 865 1733 913; x_wconf 84' lang='lat' dir='ltr'>interfecti</span> 
     </span>
     <span class='ocr_line' id='line_1_9' title="bbox 239 960 1735 1024; baseline 0.001 -17"><span class='ocrx_word' id='word_1_61' title='bbox 239 960 401 1007; x_wconf 90' lang='lat' dir='ltr'>locum</span> <span class='ocrx_word' id='word_1_62' title='bbox 429 978 673 1024; x_wconf 87' lang='lat' dir='ltr'>occupare</span> <span class='ocrx_word' id='word_1_63' title='bbox 701 968 986 1017; x_wconf 86' lang='lat' dir='ltr'>conaretur,</span> <span class='ocrx_word' id='word_1_64' title='bbox 1006 968 1059 1008; x_wconf 87' lang='lat' dir='ltr'>et</span> <span class='ocrx_word' id='word_1_65' title='bbox 1086 978 1218 1008; x_wconf 92' lang='lat' dir='ltr'>nunc</span> <span class='ocrx_word' id='word_1_66' title='bbox 1244 978 1457 1024; x_wconf 91' lang='lat' dir='ltr'>puerum</span> <span class='ocrx_word' id='word_1_67' title='bbox 1484 965 1637 1008; x_wconf 90' lang='lat' dir='ltr'>istum</span> <span class='ocrx_word' id='word_1_68' title='bbox 1662 964 1735 1008; x_wconf 87' lang='lat' dir='ltr'>ita</span> 
     </span>
     <span class='ocr_line' id='line_1_10' title="bbox 241 1056 1733 1119; baseline 0.001 -18"><span class='ocrx_word' id='word_1_69' title='bbox 241 1056 442 1111; x_wconf 83' lang='lat' dir='ltr'>extulit,</span> <span class='ocrx_word' id='word_1_70' title='bbox 477 1063 534 1103; x_wconf 89' lang='lat' dir='ltr'>ut</span> <span class='ocrx_word' id='word_1_71' title='bbox 570 1063 627 1102; x_wconf 93' lang='lat' dir='ltr'>tu</span> <span class='ocrx_word' id='word_1_72' title='bbox 662 1057 907 1103; x_wconf 87' lang='lat' dir='ltr'>iudicares</span> <span class='ocrx_word' id='word_1_73' title='bbox 942 1057 1173 1119; x_wconf 86' lang='lat' dir='ltr'>precibus</span> <span class='ocrx_word' id='word_1_74' title='bbox 1209 1073 1318 1103; x_wconf 90' lang='lat' dir='ltr'>esse</span> <span class='ocrx_word' id='word_1_75' title='bbox 1360 1056 1733 1119; x_wconf 86' lang='lat' dir='ltr'>impetrandam</span> 
     </span>
     <span class='ocr_line' id='line_1_11' title="bbox 240 1150 1735 1214; baseline 0.001 -18"><span class='ocrx_word' id='word_1_76' title='bbox 240 1150 456 1197; x_wconf 84' lang='lat' dir='ltr'>salutem</span> <span class='ocrx_word' id='word_1_77' title='bbox 483 1151 667 1197; x_wconf 79' lang='lat' dir='ltr'>talibus</span> <span class='ocrx_word' id='word_1_78' title='bbox 695 1154 806 1198; x_wconf 89' lang='lat' dir='ltr'>viris</span> <span class='ocrx_word' id='word_1_79' title='bbox 833 1151 1273 1214; x_wconf 80' lang='lat' dir='ltr'>misericordiaque</span> <span class='ocrx_word' id='word_1_80' title='bbox 1300 1154 1444 1197; x_wconf 90' lang='lat' dir='ltr'>unius</span> <span class='ocrx_word' id='word_1_81' title='bbox 1472 1154 1553 1197; x_wconf 86' lang='lat' dir='ltr'>vix</span> <span class='ocrx_word' id='word_1_82' title='bbox 1580 1154 1735 1197; x_wconf 87' lang='lat' dir='ltr'>etiarn</span> 
     </span>
     <span class='ocr_line' id='line_1_12' title="bbox 242 1244 1735 1304; baseline -0.001 -13"><span class='ocrx_word' id='word_1_83' title='bbox 242 1261 372 1292; x_wconf 91' lang='lat' dir='ltr'>nunc</span> <span class='ocrx_word' id='word_1_84' title='bbox 398 1248 486 1291; x_wconf 85' lang='lat' dir='ltr'>viri</span> <span class='ocrx_word' id='word_1_85' title='bbox 511 1253 649 1292; x_wconf 86' lang='lat' dir='ltr'>tutos</span> <span class='ocrx_word' id='word_1_86' title='bbox 680 1245 786 1292; x_wconf 91' lang='lat' dir='ltr'>fore</span> <span class='ocrx_word' id='word_1_87' title='bbox 813 1262 919 1301; x_wconf 93' lang='lat' dir='ltr'>nos,</span> <span class='ocrx_word' id='word_1_88' title='bbox 945 1245 1080 1292; x_wconf 84' lang='lat' dir='ltr'>haud</span> <span class='ocrx_word' id='word_1_89' title='bbox 1106 1246 1224 1292; x_wconf 87' lang='lat' dir='ltr'>ulla²</span> <span class='ocrx_word' id='word_1_90' title='bbox 1254 1245 1350 1292; x_wconf 87' lang='lat' dir='ltr'>alia</span> <span class='ocrx_word' id='word_1_91' title='bbox 1373 1261 1444 1292; x_wconf 92' lang='lat' dir='ltr'>re.</span> <span class='ocrx_word' id='word_1_92' title='bbox 1513 1244 1663 1304; x_wconf 83' lang='lat' dir='ltr'>Quod</span> <span class='ocrx_word' id='word_1_93' title='bbox 1695 1247 1735 1291; x_wconf 92' lang='lat' dir='ltr'>si</span> 
     </span>
     <span class='ocr_line' id='line_1_13' title="bbox 243 1339 1736 1397; baseline 0 -11"><span class='ocrx_word' id='word_1_94' title='bbox 243 1339 492 1386; x_wconf 86' lang='lat' dir='ltr'>Romanos</span> <span class='ocrx_word' id='word_1_95' title='bbox 527 1357 615 1387; x_wconf 87' lang='lat' dir='ltr'>nos</span> <span class='ocrx_word' id='word_1_96' title='bbox 654 1357 762 1387; x_wconf 83' lang='lat' dir='ltr'>esse</span> <span class='ocrx_word' id='word_1_97' title='bbox 797 1344 1216 1397; x_wconf 84' lang='lat' dir='ltr'>meminissemus,</span> <span class='ocrx_word' id='word_1_98' title='bbox 1249 1357 1349 1387; x_wconf 90' lang='lat' dir='ltr'>non</span> <span class='ocrx_word' id='word_1_99' title='bbox 1381 1340 1618 1387; x_wconf 83' lang='lat' dir='ltr'>audacius</span> <span class='ocrx_word' id='word_1_100' title='bbox 1650 1339 1736 1386; x_wconf 94' lang='lat' dir='ltr'>do-</span> 
     </span>
     <span class='ocr_line' id='line_1_14' title="bbox 239 1434 1734 1498; baseline -0.001 -17"><span class='ocrx_word' id='word_1_101' title='bbox 239 1438 416 1481; x_wconf 84' lang='lat' dir='ltr'>minari</span> <span class='ocrx_word' id='word_1_102' title='bbox 442 1443 688 1498; x_wconf 84' lang='lat' dir='ltr'>cuperent</span> <span class='ocrx_word' id='word_1_103' title='bbox 714 1439 956 1498; x_wconf 84' lang='lat' dir='ltr'>postremi</span> <span class='ocrx_word' id='word_1_104' title='bbox 982 1434 1228 1491; x_wconf 90' lang='lat' dir='ltr'>homines,</span> <span class='ocrx_word' id='word_1_105' title='bbox 1255 1452 1407 1498; x_wconf 91' lang='lat' dir='ltr'>quam</span> <span class='ocrx_word' id='word_1_106' title='bbox 1431 1435 1483 1482; x_wconf 93' lang='lat' dir='ltr'>id</span> <span class='ocrx_word' id='word_1_107' title='bbox 1509 1451 1597 1482; x_wconf 90' lang='lat' dir='ltr'>nos</span> <span class='ocrx_word' id='word_1_108' title='bbox 1623 1451 1734 1497; x_wconf 89' lang='lat' dir='ltr'>pro-</span> 
     </span>
     <span class='ocr_line' id='line_1_15' title="bbox 239 1528 1734 1594; baseline -0.001 -18"><span class='ocrx_word' id='word_1_109' title='bbox 239 1528 546 1586; x_wconf 91' lang='lat' dir='ltr'>hiberemus,</span> <span class='ocrx_word' id='word_1_110' title='bbox 592 1547 759 1593; x_wconf 89' lang='lat' dir='ltr'>neque</span> <span class='ocrx_word' id='word_1_111' title='bbox 805 1533 964 1594; x_wconf 85' lang='lat' dir='ltr'>magis</span> <span class='ocrx_word' id='word_1_112' title='bbox 1022 1533 1245 1577; x_wconf 87' lang='lat' dir='ltr'>irritatus</span> <span class='ocrx_word' id='word_1_113' title='bbox 1303 1536 1438 1576; x_wconf 89' lang='lat' dir='ltr'>esset</span> <span class='ocrx_word' id='word_1_114' title='bbox 1483 1530 1734 1577; x_wconf 84' lang='lat' dir='ltr'>Antonius</span> 
     </span>
     <span class='ocr_line' id='line_1_16' title="bbox 240 1623 1732 1688; baseline 0 -18"><span class='ocrx_word' id='word_1_115' title='bbox 240 1641 395 1688; x_wconf 76' lang='lat' dir='ltr'>regno</span> <span class='ocrx_word' id='word_1_116' title='bbox 422 1624 648 1672; x_wconf 92' lang='lat' dir='ltr'>Caesaris</span> <span class='ocrx_word' id='word_1_117' title='bbox 678 1642 830 1688; x_wconf 90' lang='lat' dir='ltr'>quam</span> <span class='ocrx_word' id='word_1_118' title='bbox 856 1626 920 1672; x_wconf 92' lang='lat' dir='ltr'>ob</span> <span class='ocrx_word' id='word_1_119' title='bbox 948 1624 1174 1672; x_wconf 91' lang='lat' dir='ltr'>eiusdem</span> <span class='ocrx_word' id='word_1_120' title='bbox 1199 1631 1418 1671; x_wconf 91' lang='lat' dir='ltr'>mortem</span> <span class='ocrx_word' id='word_1_121' title='bbox 1442 1623 1732 1671; x_wconf 84' lang='lat' dir='ltr'>deterrituS.</span> 
     </span>
     <span class='ocr_line' id='line_1_17' title="bbox 189 1719 1734 1782; baseline 0.001 -18"><span class='ocrx_word' id='word_1_122' title='bbox 189 1727 215 1764; x_wconf 83' lang='lat'>4</span> <span class='ocrx_word' id='word_1_123' title='bbox 239 1719 313 1765; x_wconf 91' lang='lat' dir='ltr'>Tu</span> <span class='ocrx_word' id='word_1_124' title='bbox 335 1719 558 1782; x_wconf 89' lang='lat' dir='ltr'>quidem,</span> <span class='ocrx_word' id='word_1_125' title='bbox 575 1720 845 1766; x_wconf 84' lang='lat' dir='ltr'>consularis</span> <span class='ocrx_word' id='word_1_126' title='bbox 867 1727 920 1766; x_wconf 93' lang='lat' dir='ltr'>et</span> <span class='ocrx_word' id='word_1_127' title='bbox 940 1727 1200 1766; x_wconf 87' lang='lat' dir='ltr'>tantorum</span> <span class='ocrx_word' id='word_1_128' title='bbox 1219 1719 1466 1766; x_wconf 86' lang='lat' dir='ltr'>scelerum</span> <span class='ocrx_word' id='word_1_129' title='bbox 1486 1719 1734 1766; x_wconf 87' lang='lat' dir='ltr'>vindex—</span> 
     </span>
     <span class='ocr_line' id='line_1_18' title="bbox 240 1813 1734 1877; baseline 0 -17"><span class='ocrx_word' id='word_1_130' title='bbox 240 1815 420 1877; x_wconf 91' lang='lat' dir='ltr'>quibus</span> <span class='ocrx_word' id='word_1_131' title='bbox 459 1818 707 1877; x_wconf 70' lang='lat' dir='ltr'>oppressis</span> <span class='ocrx_word' id='word_1_132' title='bbox 747 1831 920 1861; x_wconf 76' lang='lat' dir='ltr'>vereor</span> <span class='ocrx_word' id='word_1_133' title='bbox 957 1832 1019 1861; x_wconf 88' lang='lat' dir='ltr'>ne</span> <span class='ocrx_word' id='word_1_134' title='bbox 1062 1817 1113 1861; x_wconf 91' lang='lat' dir='ltr'>in</span> <span class='ocrx_word' id='word_1_135' title='bbox 1149 1815 1302 1862; x_wconf 90' lang='lat' dir='ltr'>breve</span> <span class='ocrx_word' id='word_1_136' title='bbox 1338 1821 1542 1877; x_wconf 86' lang='lat' dir='ltr'>tempus</span> <span class='ocrx_word' id='word_1_137' title='bbox 1580 1813 1734 1860; x_wconf 87' lang='lat' dir='ltr'>dilata</span> 
     </span>
     <span class='ocr_line' id='line_1_19' title="bbox 238 1910 1735 1972; baseline -0.001 -16"><span class='ocrx_word' id='word_1_138' title='bbox 238 1912 303 1957; x_wconf 89' lang='lat' dir='ltr'>sit</span> <span class='ocrx_word' id='word_1_139' title='bbox 324 1910 412 1956; x_wconf 91' lang='lat' dir='ltr'>abs</span> <span class='ocrx_word' id='word_1_140' title='bbox 433 1916 486 1956; x_wconf 91' lang='lat' dir='ltr'>te</span> <span class='ocrx_word' id='word_1_141' title='bbox 507 1913 835 1972; x_wconf 75' lang='lat' dir='ltr'>pernicies—,</span> <span class='ocrx_word' id='word_1_142' title='bbox 857 1913 940 1972; x_wconf 92' lang='lat' dir='ltr'>qui</span> <span class='ocrx_word' id='word_1_143' title='bbox 962 1916 1107 1972; x_wconf 89' lang='lat' dir='ltr'>potes</span> <span class='ocrx_word' id='word_1_144' title='bbox 1128 1911 1331 1965; x_wconf 90' lang='lat' dir='ltr'>intueri,</span> <span class='ocrx_word' id='word_1_145' title='bbox 1352 1925 1483 1972; x_wconf 90' lang='lat' dir='ltr'>quae</span> <span class='ocrx_word' id='word_1_146' title='bbox 1503 1911 1735 1972; x_wconf 87' lang='lat' dir='ltr'>gesseris,</span> 
     </span>
     <span class='ocr_line' id='line_1_20' title="bbox 238 2002 1734 2067; baseline -0.001 -17"><span class='ocrx_word' id='word_1_147' title='bbox 238 2004 385 2050; x_wconf 88' lang='lat' dir='ltr'>simul</span> <span class='ocrx_word' id='word_1_148' title='bbox 405 2011 457 2051; x_wconf 87' lang='lat' dir='ltr'>et</span> <span class='ocrx_word' id='word_1_149' title='bbox 478 2007 574 2051; x_wconf 82' lang='lat' dir='ltr'>ista</span> <span class='ocrx_word' id='word_1_150' title='bbox 594 2004 673 2051; x_wconf 84' lang='lat' dir='ltr'>vel</span> <span class='ocrx_word' id='word_1_151' title='bbox 693 2005 906 2067; x_wconf 87' lang='lat' dir='ltr'>probare</span> <span class='ocrx_word' id='word_1_152' title='bbox 928 2004 1006 2051; x_wconf 83' lang='lat' dir='ltr'>vel</span> <span class='ocrx_word' id='word_1_153' title='bbox 1031 2008 1102 2051; x_wconf 87' lang='lat' dir='ltr'>ita</span> <span class='ocrx_word' id='word_1_154' title='bbox 1124 2004 1340 2051; x_wconf 89' lang='lat' dir='ltr'>demisse</span> <span class='ocrx_word' id='word_1_155' title='bbox 1361 2020 1418 2050; x_wconf 89' lang='lat' dir='ltr'>ac</span> <span class='ocrx_word' id='word_1_156' title='bbox 1441 2002 1588 2050; x_wconf 89' lang='lat' dir='ltr'>facile</span> <span class='ocrx_word' id='word_1_157' title='bbox 1609 2006 1734 2066; x_wconf 89' lang='lat' dir='ltr'>pati,</span> 
     </span>
     <span class='ocr_line' id='line_1_21' title="bbox 240 2098 1734 2162; baseline -0.001 -17"><span class='ocrx_word' id='word_1_158' title='bbox 240 2106 296 2145; x_wconf 87' lang='lat' dir='ltr'>ut</span> <span class='ocrx_word' id='word_1_159' title='bbox 317 2100 576 2162; x_wconf 87' lang='lat' dir='ltr'>probantis</span> <span class='ocrx_word' id='word_1_160' title='bbox 598 2103 855 2162; x_wconf 84' lang='lat' dir='ltr'>specimen</span> <span class='ocrx_word' id='word_1_161' title='bbox 876 2098 1063 2146; x_wconf 85' lang='lat' dir='ltr'>habeas</span> <span class='ocrx_word' id='word_1_162' title='bbox 1089 2100 1107 2145; x_wconf 86' lang='lat'>?</span> <span class='ocrx_word' id='word_1_163' title='bbox 1147 2098 1283 2162; x_wconf 93' lang='lat' dir='ltr'>quod</span> <span class='ocrx_word' id='word_1_164' title='bbox 1303 2105 1477 2146; x_wconf 87' lang='lat' dir='ltr'>autem</span> <span class='ocrx_word' id='word_1_165' title='bbox 1502 2098 1595 2145; x_wconf 92' lang='lat' dir='ltr'>tibi</span> <span class='ocrx_word' id='word_1_166' title='bbox 1620 2114 1734 2144; x_wconf 90' lang='lat' dir='ltr'>cum</span> 
     </span>
     <span class='ocr_line' id='line_1_22' title="bbox 240 2192 1734 2257; baseline -0.001 -17"><span class='ocrx_word' id='word_1_167' title='bbox 240 2195 462 2240; x_wconf 88' lang='lat' dir='ltr'>Antonio</span> <span class='ocrx_word' id='word_1_168' title='bbox 506 2197 740 2257; x_wconf 86' lang='lat' dir='ltr'>privatim</span> <span class='ocrx_word' id='word_1_169' title='bbox 780 2194 988 2240; x_wconf 91' lang='lat' dir='ltr'>odium?</span> <span class='ocrx_word' id='word_1_170' title='bbox 1042 2210 1244 2256; x_wconf 91' lang='lat' dir='ltr'>nempe,</span> <span class='ocrx_word' id='word_1_171' title='bbox 1287 2197 1405 2257; x_wconf 87' lang='lat' dir='ltr'>quia</span> <span class='ocrx_word' id='word_1_172' title='bbox 1442 2192 1734 2256; x_wconf 87' lang='lat' dir='ltr'>postulabat</span> 
     </span>
     <span class='ocr_line' id='line_1_23' title="bbox 240 2287 1735 2352; baseline -0.001 -18"><span class='ocrx_word' id='word_1_173' title='bbox 240 2287 382 2344; x_wconf 90' lang='lat' dir='ltr'>haec,</span> <span class='ocrx_word' id='word_1_174' title='bbox 412 2288 629 2335; x_wconf 87' lang='lat' dir='ltr'>salutem</span> <span class='ocrx_word' id='word_1_175' title='bbox 660 2290 724 2335; x_wconf 88' lang='lat' dir='ltr'>ab</span> <span class='ocrx_word' id='word_1_176' title='bbox 757 2305 810 2335; x_wconf 92' lang='lat' dir='ltr'>se</span> <span class='ocrx_word' id='word_1_177' title='bbox 845 2292 969 2352; x_wconf 86' lang='lat' dir='ltr'>peti,</span> <span class='ocrx_word' id='word_1_178' title='bbox 995 2292 1272 2351; x_wconf 86' lang='lat' dir='ltr'>precariam</span> <span class='ocrx_word' id='word_1_179' title='bbox 1304 2305 1391 2334; x_wconf 90' lang='lat' dir='ltr'>nos</span> <span class='ocrx_word' id='word_1_180' title='bbox 1422 2287 1735 2333; x_wconf 88' lang='lat' dir='ltr'>incolumita—</span> 
     </span>
    </p>
   </div>
   <div class='ocr_carea' id='block_1_3' title="bbox 238 2382 1735 2446">
    <p class='ocr_par' dir='ltr' id='par_1_3' title="bbox 238 2382 1735 2446">
     <span class='ocr_line' id='line_1_24' title="bbox 238 2382 1735 2446; baseline -0.001 -17"><span class='ocrx_word' id='word_1_181' title='bbox 238 2389 344 2429; x_wconf 89' lang='lat' dir='ltr'>tem</span> <span class='ocrx_word' id='word_1_182' title='bbox 371 2382 576 2438; x_wconf 89' lang='lat' dir='ltr'>habere,</span> <span class='ocrx_word' id='word_1_183' title='bbox 600 2400 628 2429; x_wconf 86' lang='lat' dir='ltr'>a</span> <span class='ocrx_word' id='word_1_184' title='bbox 655 2385 834 2446; x_wconf 72' lang='lat' dir='ltr'>quibus</span> <span class='ocrx_word' id='word_1_185' title='bbox 859 2387 964 2445; x_wconf 88' lang='lat' dir='ltr'>ipse</span> <span class='ocrx_word' id='word_1_186' title='bbox 991 2383 1281 2429; x_wconf 79' lang='lat' dir='ltr'>libertatem</span> <span class='ocrx_word' id='word_1_187' title='bbox 1308 2385 1601 2444; x_wconf 86' lang='lat' dir='ltr'>accepisset,</span> <span class='ocrx_word' id='word_1_188' title='bbox 1625 2397 1735 2429; x_wconf 85' lang='lat' dir='ltr'>esse</span> 
     </span>
    </p>
   </div>
   <div class='ocr_carea' id='block_1_4' title="bbox 728 2524 1250 2565">
    <p class='ocr_par' dir='ltr' id='par_1_4' title="bbox 728 2524 1250 2565">
     <span class='ocr_line' id='line_1_25' title="bbox 728 2524 1250 2565; baseline 0.002 -1"><span class='ocrx_word' id='word_1_189' title='bbox 728 2525 745 2550; x_wconf 87' lang='lat'>²</span> <span class='ocrx_word' id='word_1_190' title='bbox 778 2524 877 2564; x_wconf 76' lang='lat' dir='ltr'>Var.</span> <span class='ocrx_word' id='word_1_191' title='bbox 904 2525 994 2564; x_wconf 79' lang='lat' dir='ltr'>lect.</span> <span class='ocrx_word' id='word_1_192' title='bbox 1018 2528 1094 2565; x_wconf 85' lang='lat' dir='ltr'>aut</span> <span class='ocrx_word' id='word_1_193' title='bbox 1117 2524 1250 2565; x_wconf 86' lang='lat' dir='ltr'>nulla.</span> 
     </span>
    </p>
   </div>
   <div class='ocr_carea' id='block_1_5' title="bbox 238 2596 332 2638">
    <p class='ocr_par' dir='ltr' id='par_1_5' title="bbox 238 2596 332 2638">
     <span class='ocr_line' id='line_1_26' title="bbox 238 2596 332 2638; baseline 0 0"><span class='ocrx_word' id='word_1_194' title='bbox 238 2596 332 2638; x_wconf 70' lang='lat'>720</span> 
     </span>
    </p>
   </div>
  </div>
 </body>
</html>
