1868 3040
914 202 1165 250 CICERO

293 331 514 387 consilio,
530 330 754 387 hortatu,
772 335 1075 378 auctoritate
1090 347 1101 387 ;
1130 332 1265 394 quod
1282 332 1463 378 fuerim
1479 331 1786 379 moderatior

294 403 744 461 temperatiorque,
775 415 927 461 quam
957 402 1008 444 in
1040 415 1101 445 ea
1131 407 1276 460 parte
1307 403 1591 461 quisquam,
1620 399 1672 446 id
1702 415 1784 444 me

294 464 470 511 fecisse
502 470 721 511 maxime
753 469 1057 512 auctoritate
1089 466 1382 527 Capitonis3
1430 470 1569 512 cuius
1599 465 1784 512 similes

294 536 331 577 si
355 533 570 594 reliquos
593 537 897 578 necessarios
920 532 1224 588 habuissem,
1245 533 1550 594 reipublicae
1571 531 1784 578 fortasse

246 607 269 641 8
296 599 535 651 nonnihil,
581 599 701 644 mihi
747 608 885 646 certe
930 600 1201 661 plurimum
1246 599 1559 661 profuissem.
1641 599 1785 645 Hanc

294 682 417 720 rem,
451 670 516 711 mi
552 665 752 721 Plance,
785 670 823 711 si
858 665 1098 721 effece1·iS‚
1130 683 1297 712 meam
1331 667 1394 713 de
1428 674 1518 712 tua
1550 682 1672 729 erga
1704 682 1784 711 me

293 732 649 778 benevolentia
678 749 820 794 spem
852 733 1240 788 confirmaveris,
1270 737 1433 795 ipsum
1466 733 1785 795 Capitonem,

292 803 651 859 gratissimum,
704 800 1132 855 officiosissimum,
1186 804 1434 862 optimum
1489 804 1666 854 virum,
1721 800 1784 845 ad

293 874 433 912 tuam
453 867 875 913 necessitudinem
897 875 985 913 tuo
1003 884 1198 913 summo
1217 868 1462 913 beneficio
1481 868 1782 913 adiunxeris.

949 1090 1094 1136 XXX

638 1211 693 1244 M.
729 1213 774 1244 T.
812 1213 852 1244 C.
890 1213 926 1244 S.
965 1214 1007 1244 P.
1047 1214 1092 1244 D.
1130 1213 1289 1243 AFILIO
1325 1212 1465 1244 PROC.

768 1305 1017 1357 Romae(?),
1042 1318 1172 1344 A.u.c.
1196 1306 1291 1344 709.

248 1404 268 1445 1
360 1397 416 1446 L.
446 1399 667 1445 Manlius
694 1407 771 1446 est
797 1400 943 1446 Sosis.
1014 1400 1062 1445 Is
1088 1399 1184 1446 fuit
1211 1399 1493 1446 Catinensis
1518 1414 1528 1445 :
1573 1397 1662 1443 sed
1690 1403 1784 1444 est.

295 1482 393 1511 una
422 1483 536 1512 eum
565 1467 767 1528 reliquis
798 1467 1161 1529 Neapolitanis,
1190 1470 1306 1512 civis
1338 1466 1591 1511 Romanus
1621 1464 1784 1510 factus

293 1533 598 1595 decurioque
626 1533 860 1595 Neapoli;
893 1541 1002 1580 erat
1035 1538 1168 1580 enim
1201 1537 1444 1595 ascriptus
1469 1533 1595 1578 inid
1626 1534 1786 1577 muni-

294 1604 478 1661 cipium
505 1609 625 1646 ante
651 1605 910 1647 civitatem
936 1605 1078 1647 sociis
1106 1608 1159 1647 et
1187 1600 1380 1647 Latinis
1407 1600 1595 1646 datam.
1666 1598 1784 1644 Eius

295 1666 452 1713 frater
485 1667 696 1714 Catinae
732 1685 892 1729 nuper
924 1675 1151 1714 mortuus
1186 1675 1278 1714 est.
1350 1666 1551 1712 Nullam
1583 1669 1786 1712 omnino

294 1735 596 1780 arbitramur
626 1735 690 1781 de
722 1751 783 1780 ea
814 1735 1100 1781 hereditate
1131 1737 1522 1781 controversiam
1554 1749 1670 1779 eum
1701 1731 1787 1777 ha-

296 1801 536 1856 biturum,
576 1808 629 1847 et
677 1809 755 1848 est
801 1801 950 1848 hodie
988 1806 1039 1847 in
1087 1803 1244 1848 bonis.
1313 1800 1431 1856 Sed,
1469 1816 1584 1846 curu
1630 1798 1786 1845 habet

295 1875 562 1928 praeterea
580 1872 786 1930 negotia
805 1876 979 1915 vetera
996 1872 1046 1914 in
1065 1868 1228 1914 Sicilia
1247 1885 1354 1923 sua,
1373 1875 1428 1914 et
1443 1866 1574 1913 hane
1590 1865 1787 1912 heredi-

295 1942 457 1980 tatem
493 1934 787 1990 fraternam,
824 1943 877 1982 et
912 1939 1080 1982 onmia
1116 1939 1221 1981 eius
1257 1936 1349 1981 tibi
1384 1934 1701 1988 commendO,
1736 1936 1786 1979 in

295 2005 567 2064 primisque
588 2006 751 2064 ipsum
774 2006 932 2049 virum
953 2007 1201 2065 optimum
1223 2002 1445 2064 mihique
1466 2000 1786 2047 familiarissi-

359 2124 376 2142 α
408 2119 477 2159 Ile
499 2133 587 2160 was
613 2133 640 2159 a
667 2121 834 2171 leyatus
867 2121 917 2160 of
946 2121 1121 2168 Caesar,
1148 2119 1236 2160 and
1271 2132 1359 2159 was
1392 2120 1437 2158 in
1468 2116 1705 2159 command
1738 2120 1784 2156 at

301 2172 484 2213 Oricum
506 2175 548 2213 in
570 2177 638 2213 48.
690 2175 822 2214 Some
844 2177 948 2214 time
968 2174 1164 2214 between
1186 2177 1239 2213 48
1260 2173 1350 2213 and
1370 2176 1424 2212 45
1445 2173 1497 2224 (it
1519 2175 1552 2212 is
1575 2176 1650 2212 not
1669 2170 1784 2211 clear

301 2227 446 2277 when)
472 2228 525 2268 he
549 2241 637 2267 was
662 2228 895 2279 proconsul
919 2230 969 2268 of
987 2228 1137 2279 Sicily.
1192 2229 1344 2268 Cicero
1367 2228 1500 2267 refers
1523 2226 1628 2266 with
1650 2226 1785 2276 grati-

301 2281 406 2320 tude
431 2286 476 2321 to
504 2282 707 2321 Acilius's
734 2282 945 2322 kindness
970 2287 1015 2322 to
1041 2283 1132 2322 him
1158 2281 1322 2333 during
1346 2281 1413 2321 his
1438 2280 1654 2331 unhappy
1680 2292 1785 2330 year

300 2339 345 2374 at
382 2335 695 2382 Brundisiu1n3
745 2336 824 2376 but
854 2336 1022 2376 Acilius
1053 2336 1139 2376 had
1173 2349 1327 2376 reason
1357 2339 1403 2375 to
1434 2334 1488 2374 be
1518 2332 1710 2386 grateful
1739 2337 1784 2372 to

301 2390 454 2492 gicero
476 2391 543 2429 for
568 2390 732 2442 having
755 2392 879 2431 twice
901 2390 1187 2441 successfully
1208 2387 1426 2429 defended
1457 2387 1547 2428 him
1569 2389 1619 2428 de
1644 2387 1784 2438 capite

322 2445 392 2482 vii.
414 2447 481 2483 30.
505 2447 563 2490 3).

363 2496 377 2519 ι’
406 2498 490 2541 ’ἰ.ρ.,
513 2498 659 2536 before
679 2500 734 2537 90
758 2511 850 2544 13.C.‚
873 2498 997 2537 when
1019 2497 1091 2537 the
1114 2497 1193 2536 full
1226 2496 1399 2537 Roman
1419 2494 1674 2546 citizenship
1695 2505 1781 2533 was

302 2550 463 2589 offered
486 2551 604 2590 them
626 2552 685 2602 by
710 2552 755 2591 Ι..
778 2551 922 2592 Julius
945 2554 1117 2591 Caesar.

305 2614 367 2666 96
