1837 3029
856 170 1106 216 CICERO

190 301 214 340 3
238 296 618 344 confirmaretur
640 298 1006 346 vehementius.
1063 300 1121 346 Id
1145 304 1381 363 quoniam
1405 317 1504 347 non
1527 299 1724 355 accidit,

239 384 442 424 utemur
483 380 614 425 bono
656 380 958 435 litterarum,
1002 387 1055 427 et
1098 381 1276 427 eadem
1320 380 1426 427 fere
1470 382 1724 435 absentes,

239 473 387 519 quae,
410 462 449 505 si
473 476 640 505 eoram
665 476 906 515 essemus,
927 478 1309 524 consequemur.
1369 461 1512 508 Unus
1536 460 1725 508 scilicet

238 537 319 583 ille
344 537 554 595 fruetus,
579 544 663 603 qui
689 544 738 586 in
765 548 817 587 te
843 542 1060 588 videndo
1086 549 1180 597 est,
1206 545 1394 604 percipi
1417 541 1599 588 litteris
1624 557 1722 587 non

238 626 422 680 potest.
497 621 644 666 Alter
681 622 1050 684 gratulationis,
1091 630 1168 669 est
1207 625 1247 668 is
1287 622 1492 685 quidem
1533 621 1723 675 exilior,

238 714 389 761 quam
418 703 455 746 si
486 703 577 747 tibi
606 705 825 764 teipsum
853 705 1055 749 intuens
1082 702 1398 766 gratularer3
1433 702 1522 749 sed
1550 709 1721 748 tamen

238 786 291 825 et
324 779 419 826 feei
457 789 594 837 ante,
626 790 678 828 et
714 782 842 829 facio
872 800 1020 839 nune,
1051 785 1245 846 tibique
1282 800 1395 829 eum
1433 799 1522 845 pro
1554 799 1721 828 rerum

236 863 605 923 magnitudine,
644 881 768 926 quas
807 867 1024 927 gessisti,
1063 871 1173 910 tum
1212 881 1302 926 pro
1340 866 1722 926 opportunitate

236 946 477 1004 temporis
503 944 746 1007 gratulor,
773 946 908 1008 quod
935 952 988 992 te
1017 945 1080 992 de
1106 947 1361 1008 provincia
1386 944 1721 991 decedentem

235 1039 430 1069 summa
467 1024 574 1071 laus
613 1033 666 1072 et
702 1043 897 1072 summa
935 1030 1098 1089 gratia
1135 1029 1420 1088 provinciae
1454 1031 1721 1088 prosecuta

186 1110 211 1146 4
236 1110 328 1150 est.
386 1105 613 1152 Tertium
639 1114 734 1162 est,
759 1115 815 1154 ut
838 1108 906 1163 id,
931 1108 1066 1170 quod
1090 1108 1153 1154 de
1178 1109 1359 1153 nostris
1382 1107 1531 1152 rebus
1553 1122 1721 1152 coram

234 1190 740 1233 communicassemus
759 1191 891 1234 inter
909 1204 1016 1243 nOS‚
1033 1187 1353 1234 conficiamus
1369 1187 1505 1234 idern
1521 1185 1718 1232 litteris.

234 1264 344 1328 Ego
377 1274 660 1314 ceterarum
693 1285 861 1314 rerum
895 1286 1045 1315 causa
1078 1269 1170 1314 tibi
1206 1267 1418 1314 Romam
1450 1283 1720 1329 properan-

233 1345 353 1391 dum
380 1364 565 1411 magno
591 1365 743 1411 opere
769 1366 966 1396 censeo.
1027 1349 1157 1394 Nam
1185 1356 1238 1394 et
1265 1364 1342 1403 ea,
1368 1363 1499 1411 quae
1524 1347 1719 1410 reliqui,

233 1428 503 1490 tranquilla
521 1429 584 1475 de
603 1437 655 1475 te
675 1437 837 1485 erant,
856 1437 909 1476 et
926 1429 1019 1475 hae
1036 1437 1127 1476 tua
1143 1432 1335 1475 recenti
1353 1431 1559 1475 victoria
1575 1434 1718 1474 tanta

232 1507 420 1554 clarum
446 1510 721 1556 adventum
755 1518 899 1556 tuum
925 1510 1031 1556 fore
1062 1509 1320 1573 intellego,
1386 1508 1486 1556 Sed
1514 1511 1557 1556 si
1589 1524 1718 1571 quae

232 1596 350 1635 sunt
387 1606 541 1636 onera
578 1598 799 1647 tuorum,
838 1595 876 1638 si
916 1599 1061 1638 tanta
1101 1598 1236 1646 sunt,
1275 1597 1333 1637 ut
1372 1606 1433 1636 ea
1470 1592 1717 1636 sustinere

232 1673 405 1730 possis,
423 1688 635 1733 propera
660 1688 670 1727 ;
707 1671 827 1718 nihil
845 1674 937 1718 tibi
957 1676 1051 1718 erit
1069 1672 1272 1727 lautius,
1289 1670 1411 1717 nihil
1427 1670 1686 1734 gloriosius
1706 1684 1716 1724 ;

230 1753 304 1795 sin
348 1755 553 1808 maiora,
595 1754 872 1808 considera,
915 1769 978 1799 ne
1021 1757 1072 1799 in
1115 1753 1472 1799 alienissimum
1514 1758 1716 1813 tempus

229 1832 378 1879 eadat
396 1833 642 1880 adventus
660 1841 792 1880 tuus.
846 1834 1006 1880 Huius
1023 1838 1094 1879 rei
1112 1841 1278 1880 totum
1295 1832 1554 1880 eonsilium
1570 1838 1716 1878 tuum

230 1920 324 1960 est.
387 1913 462 1959 Tu
495 1918 628 1960 enim
660 1918 770 1970 scis,
802 1916 922 1977 quid
954 1918 1201 1961 sustinere
1232 1917 1405 1976 possis.
1470 1912 1521 1959 Si
1550 1919 1715 1974 potes,

228 1992 479 2040 laudabile
510 2002 665 2057 atque
696 1995 936 2058 populare
969 2003 1061 2042 est.
1125 1994 1211 2041 Sin
1241 1994 1390 2056 plane
1421 2010 1520 2039 non
1550 1999 1714 2054 potes,

180 2082 204 2117 5
229 2075 408 2121 absens
428 2075 685 2122 hominum
706 2093 961 2123 sermones
981 2076 1172 2122 facilius
1192 2075 1477 2122 sustinebis.
1531 2073 1612 2119 De
1632 2088 1712 2118 me

229 2162 400 2201 autem
426 2157 559 2203 idem
584 2164 751 2203 tecum
778 2157 852 2203 his
878 2174 972 2220 ago
996 2157 1195 2211 litteris,
1219 2157 1354 2220 quod
1377 2154 1712 2218 superioribus

290 2367 310 2389 ⁰
340 2363 419 2401 See
442 2369 540 2403 note
561 2379 585 2403 α
607 2378 662 2404 on
684 2364 766 2416 Ep.
796 2368 844 2404 14
866 2365 1018 2406 above.

290 2415 309 2443 δ
342 2419 643 2458 prosecutions
685 2421 735 2458 of
774 2419 839 2458 liis
881 2419 1046 2458 friends
1091 2420 1157 2458 for
1197 2419 1413 2458 extortion
1455 2415 1543 2456 and
1586 2415 1710 2456 other

231 2471 435 2518 offences,
456 2473 690 2523 especially
711 2474 760 2512 of
778 2474 843 2512 his
865 2473 1056 2519 brother,
1079 2474 1133 2521 Q.
1157 2472 1350 2518 Cassius,
1372 2471 1470 2511 who
1492 2469 1579 2510 had
1599 2469 1709 2509 been

231 2531 437 2576 quaestor
459 2532 502 2565 to
527 2527 736 2578 Pompey.

236 2596 328 2636 288
