1837 3029
839 179 1088 226 CICERO

223 313 450 365 dixisses,
486 310 646 356 daret.
721 308 922 354 Medico
958 310 1048 369 ipsi
1088 314 1212 369 puto
1253 307 1438 370 aliquid
1483 308 1703 356 dandum

175 400 200 440 :3
227 409 352 446 csse,
380 409 479 454 quo
512 394 577 436 sit
609 389 889 435 studiosior.
965 387 1358 434 Innumerabilia
1390 396 1479 435 tua
1508 397 1625 436 sunt
1657 393 1705 436 in

227 490 307 519 me
335 473 511 526 officia,
536 472 830 524 domestica,
859 467 1094 523 forensia,
1123 469 1332 524 urbana,
1359 470 1708 532 provincialia3

227 557 276 600 in
302 569 355 599 re
380 555 593 615 privata,
614 554 663 596 in
689 549 905 612 publica,
932 552 982 595 in
1007 549 1203 604 studiis,
1228 553 1277 595 in
1306 549 1486 597 litteris
1512 554 1708 598 nostris.

229 635 412 681 Omnia
442 635 632 686 viceris,
659 634 717 686 si,
745 637 803 677 ut
829 647 993 693 spero,
1020 637 1074 677 te
1102 629 1319 677 validum
1349 631 1534 678 videro.
1602 632 1711 696 Ego

229 722 371 777 puto,
417 720 470 759 te
517 712 805 767 bellissime,
851 714 891 757 si
937 717 1076 757 recte
1124 714 1238 766 erit,
1283 728 1395 758 cum
1444 720 1710 775 quaestore

234 795 478 841 Mescinio
501 794 842 840 decursurum.
901 791 1013 838 Non
1032 790 1333 839 inhumanus
1354 799 1448 849 est,
1468 800 1641 856 teque,
1657 801 1714 840 ut

231 875 352 922 mihi
371 877 501 921 visus
521 881 615 929 est,
635 872 814 936 diligit.
856 872 924 919 Et
941 889 1054 918 cum
1074 871 1350 919 valetudini
1368 880 1488 920 tuae
1506 873 1714 938 diligen-

231 959 422 1002 tissime
455 953 780 1009 consulueris,
812 960 940 1008 tum,
972 955 1040 998 mi
1073 953 1206 1009 Tiro,
1237 953 1482 1000 consulito
1514 957 1716 1019 naviga-

233 1039 372 1083 tioni.
429 1034 577 1081 Nulla
596 1038 646 1080 in
667 1051 720 1080 re
740 1037 839 1080 iam
861 1041 913 1080 tc
934 1032 1175 1080 festinare
1196 1033 1322 1080 volo.
1377 1034 1508 1080 Nihil
1529 1034 1717 1092 laboro,

184 1126 210 1164 4
235 1120 326 1163 nisi
367 1123 425 1163 ut
464 1115 627 1162 salvus
668 1118 747 1161 sis.
821 1114 900 1161 Sic
940 1113 1145 1170 habeto,
1186 1117 1253 1160 mi
1291 1115 1425 1171 Tiro,
1463 1119 1714 1163 neminem

237 1215 363 1253 esse,
384 1200 468 1260 qui
489 1213 570 1243 me
593 1203 748 1251 amet,
768 1198 889 1258 quin
909 1196 1043 1242 idem
1064 1202 1117 1242 te
1140 1202 1279 1242 amet
1300 1211 1311 1251 ;
1351 1203 1404 1243 et
1423 1213 1536 1243 cum
1557 1204 1647 1244 tua
1667 1205 1719 1244 et

236 1296 351 1326 mea
373 1281 591 1324 maxime
614 1280 827 1323 interest
849 1283 902 1323 te
925 1275 1109 1332 valere,
1131 1283 1240 1323 tum
1263 1276 1434 1324 multis
1456 1285 1534 1324 est
1554 1295 1718 1325 curae.

238 1359 437 1413 Adhuc,
462 1359 582 1406 dum
609 1357 728 1403 mihi
756 1357 891 1404 nullo
916 1356 1023 1403 loco
1049 1357 1226 1403 deesse
1254 1361 1343 1413 vis,
1367 1375 1643 1422 numquam
1668 1367 1721 1406 te

238 1440 532 1487 confirmare
561 1441 786 1501 potuisti.
847 1438 991 1484 Nunc
1020 1444 1073 1484 te
1105 1437 1225 1483 nihil
1253 1439 1482 1501 impedit.
1541 1440 1723 1487 Omnia

239 1522 437 1583 depone
461 1535 473 1575 3
508 1522 701 1582 corpori
719 1522 862 1566 servi.
916 1519 1174 1577 Quantam
1192 1518 1507 1582 diligentiam
1525 1523 1576 1567 in
1594 1520 1724 1568 vale-

240 1602 470 1648 tudinem
493 1607 634 1647 tuam
657 1599 944 1655 contuleris,
967 1603 1097 1646 tanti
1121 1617 1200 1646 me
1226 1600 1331 1646 fieri
1353 1618 1382 1647 a
1403 1607 1456 1647 te
1478 1602 1723 1649 iudicabo.

241 1682 383 1737 Vale,
403 1685 469 1727 mi
489 1681 621 1737 Tiro,
642 1680 768 1736 vale,
789 1680 916 1736 vale,
937 1687 990 1727 et
1009 1680 1159 1727 salve.
1215 1680 1381 1743 Lepta
1400 1682 1491 1728 tibi
1511 1681 1726 1730 salutem

242 1764 363 1810 dicit
383 1770 435 1809 et
455 1779 643 1809 omnes.
705 1761 844 1808 Vale.
904 1777 991 1808 vu.
1031 1761 1149 1808 Idus
1177 1761 1445 1809 Novembr.
1475 1762 1724 1810 Leucade.

305 1990 323 2008 ¹¹
359 1984 597 2023 Mescinius
645 1985 782 2028 tufus,
809 1983 998 2023 ('iccro's
1023 1987 1229 2035 quaestor
1255 1985 1296 2023 in
1323 1983 1490 2030 Cilicia,
1515 1987 1560 2023 to
1586 1984 1726 2024 whom

248 2053 320 2078 are
343 2038 578 2078 addressed
603 2052 643 2078 v.
675 2042 721 2077 19
746 2037 833 2077 and
858 2041 927 2077 20.
981 2038 1133 2077 Cicero
1158 2037 1244 2077 had
1271 2051 1326 2077 no
1352 2038 1456 2089 high
1481 2040 1660 2089 opinion
1683 2040 1731 2079 of

250 2094 338 2133 him
364 2108 412 2131 as
438 2096 658 2143 quaestor,
685 2092 763 2131 but
790 2095 923 2131 wrote
947 2093 997 2131 of
1019 2091 1108 2131 him
1137 2093 1178 2131 in
1205 2091 1572 2144 complimentary
1597 2097 1731 2134 ternis

251 2149 292 2187 in
314 2148 401 2187 xiii.
425 2150 491 2186 26.

310 2200 325 2223 ⁶
356 2200 545 2241 Cicero's
564 2198 1018 2251 praesectaetsfi1braemi.
1080 2198 1162 2240 See
1184 2200 1242 2240 iii.
1265 2201 1304 2240 7.
1327 2202 1367 2240 4.

258 2609 354 2652 324
