1837 3029
868 137 1120 185 CICERO

244 268 366 315 illud
386 284 504 315 eum
522 267 712 315 bellum
732 283 926 330 gerere.
997 267 1077 313 De
1098 273 1152 312 te
1175 268 1331 312 etiam
1352 265 1457 312 dixi
1476 271 1588 312 tum
1609 279 1740 328 quae

244 346 458 393 dicenda
485 349 675 409 putavi.
747 345 888 390 Haec
918 344 982 390 ad
1011 351 1064 390 te
1095 346 1255 390 oratio
1285 342 1591 405 perferetur,
1620 358 1741 405 quo-

195 430 221 470 3
245 427 381 471 niam
421 431 476 471 te
518 424 664 473 video
708 422 949 469 delectari
995 421 1281 483 Philippicis
1325 423 1522 468 nostris.
1592 419 1741 478 Quod

244 518 327 549 me
365 501 430 548 de
469 502 692 548 Antonio
732 499 963 555 consulis,
1004 499 1171 562 quoad
1210 498 1353 546 Bruti
1393 500 1590 545 exitum
1626 514 1740 561 cog-

245 582 483 634 norimus,
520 578 907 625 custodiendum
946 584 1086 640 puto.
1165 576 1244 623 Ex
1282 579 1339 623 iis
1380 575 1579 632 litteris,
1617 591 1740 639 quas

244 656 366 703 mihi
401 660 596 712 misisti,
634 655 899 703 Dolabella
936 656 1108 702 Asiam
1144 670 1329 701 vexare
1365 653 1568 702 videtur
1603 661 1657 700 et
1690 656 1740 699 in

245 751 306 781 ea
338 751 392 781 se
422 750 600 797 gerere
627 736 937 780 taeterrime.
1008 731 1358 794 Compluribus
1387 738 1561 779 autem
1591 734 1740 793 scrip-

244 815 352 858 sisti
386 811 705 858 Dolabellam
740 827 769 857 a
795 810 1002 857 Rhodiis
1030 826 1138 856 esse
1166 809 1455 856 exclusum:
1494 812 1579 872 qui
1603 812 1644 856 si
1676 809 1740 855 ad

243 889 479 935 Rhodum
505 891 731 944 accessit,
758 888 958 935 videtur
984 887 1106 934 mihi
1133 888 1307 934 Asiam
1332 886 1608 950 reliquisse.
1679 886 1738 933 Id

243 970 282 1013 si
313 970 386 1013 ita
418 974 512 1022 est,
543 970 653 1013 istic
685 967 777 1013 tibi
808 983 989 1013 censeo
1020 965 1468 1012 commorandum:
1517 967 1594 1012 sin
1625 981 1738 1011 eam

243 1044 401 1091 semel
425 1048 578 1107 cepit,
594 1043 715 1090 mihi
741 1043 909 1099 crede,
931 1046 1125 1090 statim¹
1149 1046 1201 1089 in
1222 1043 1395 1090 Asiam
1420 1058 1601 1089 censeo
1626 1058 1738 1105 per-

246 1123 596 1185 sequendum:
632 1121 753 1167 nihil
790 1120 912 1168 mihi
951 1121 1131 1168 videris
1164 1119 1258 1167 hoc
1294 1127 1525 1183 tempore
1561 1119 1738 1167 melius

243 1207 460 1246 aeturus.

193 1285 220 1323 4
308 1277 457 1335 Quod
500 1293 650 1340 egere
692 1283 746 1323 te
788 1276 982 1323 duabus
1025 1279 1315 1322 necessariis
1357 1276 1507 1322 rebus
1549 1277 1738 1331 scribis,

243 1355 597 1417 supplemento
625 1361 678 1401 et
703 1358 934 1416 pecunia,
961 1353 1156 1400 difficile
1183 1353 1443 1400 consilium
1470 1360 1562 1400 est.
1626 1353 1739 1400 Non

244 1436 378 1479 enim
411 1432 532 1479 mihi
564 1440 831 1479 occurrunt
861 1431 1150 1487 facultates,
1184 1432 1364 1494 quibus
1397 1434 1473 1478 uti
1504 1438 1558 1478 te
1590 1447 1737 1494 posse

243 1511 441 1557 videam
477 1518 682 1574 praeter
717 1510 841 1566 illas,
879 1527 1002 1573 quas
1039 1517 1244 1556 senatus
1282 1509 1524 1565 decrevit,
1559 1517 1617 1556 ut
1653 1525 1739 1572 pe-

242 1592 412 1635 cunias
457 1605 486 1635 a
528 1589 815 1634 civitatibus
859 1595 1061 1634 mutuas
1105 1604 1345 1633 sumeres.
1417 1586 1497 1633 De
1540 1587 1739 1649 supple-

242 1674 417 1713 mento
453 1674 627 1713 autem
662 1683 762 1712 non
798 1666 942 1712 video
979 1665 1099 1728 quid
1136 1665 1241 1711 fieri
1277 1668 1448 1727 possit.
1517 1664 1738 1712 Tantum

244 1748 378 1791 enim
407 1745 552 1790 abest
579 1751 636 1790 ut
664 1743 827 1790 Pansa
855 1744 918 1790 de
946 1746 1172 1789 exercitu
1199 1760 1288 1789 suo
1316 1750 1405 1789 aut
1433 1742 1620 1797 dilectu
1648 1744 1740 1790 tibi

244 1822 432 1885 aliquid
468 1823 676 1876 tribuat,
713 1829 770 1867 ut
806 1825 961 1867 etiam
997 1821 1209 1866 moleste
1246 1819 1378 1867 ferat
1412 1827 1520 1866 tam
1554 1820 1738 1868 multos

245 1900 307 1945 ad
333 1907 385 1946 te
410 1903 480 1946 ire
506 1899 828 1954 voluntarios,
854 1916 952 1961 quo
977 1898 1126 1944 modo
1152 1898 1389 1960 equidem
1412 1898 1579 1953 credo,
1604 1899 1739 1960 quod

243 1981 300 2023 iis
337 1979 504 2032 rebus,
543 1993 672 2039 quae
710 1980 759 2022 in
800 1977 946 2022 Italia
983 1976 1340 2031 decernuntur,
1377 1975 1535 2021 nullas
1573 1979 1739 2038 copias

245 2059 389 2101 nimis
416 2071 624 2117 magnas
651 2071 759 2100 esse
785 2056 1074 2109 arbitretur,
1100 2070 1198 2116 quo
1223 2053 1372 2100 modo
1397 2059 1569 2100 autem
1593 2053 1738 2101 multi

245 2137 579 2194 suspicantur,
611 2132 747 2195 quod
781 2149 843 2179 ne
880 2140 932 2179 te
969 2132 1173 2194 quidem
1212 2134 1355 2177 nimis
1395 2131 1592 2178 firmum
1630 2147 1738 2179 esse

246 2210 384 2265 velit,
411 2210 544 2272 quod
572 2227 666 2271 ego
694 2227 792 2256 non
818 2214 1053 2271 suspicor.

481 2331 496 2354 ²
528 2331 675 2369 statim
699 2331 811 2381 conj.
835 2331 886 2383 by
912 2331 1080 2382 Tyrrell
1103 2331 1192 2370 and
1214 2330 1406 2369 Purser:
1445 2333 1505 2370 at.

767 2451 785 2469 ‘²
817 2447 954 2486 Gaius
980 2448 1209 2487 Antonius.

755 2498 772 2524 ⁸
803 2502 883 2540 See
908 2501 1054 2540 Letter
1078 2500 1119 2540 ΙΙ
1144 2504 1220 2547 §5.

240 2572 334 2615 634,
