1837 3029
824 174 1074 220 CICERO

201 322 353 352 causa
375 304 633 351 consulum
660 311 830 366 partes
856 306 1136 366 suscepisti,
1162 320 1275 350 cum
1301 304 1503 351 tribuno
1533 303 1692 366 plebis

202 399 441 456 quaestor
480 410 578 438 non
619 395 847 454 paruisti,
887 394 965 438 cui
1006 397 1123 438 tuus
1162 395 1460 454 praesertim
1500 390 1693 454 collega

200 486 439 543 pareret3
489 487 546 526 ut
576 479 701 526 haec
732 481 974 535 recentia,
1006 496 1136 542 quae
1168 481 1445 526 meminero
1476 494 1692 541 semper,

200 567 478 622 obliviscar,
506 584 637 629 quae
664 574 754 613 tua
781 566 1062 613 sollicitudo
1089 567 1153 614 de
1181 583 1262 613 me
1289 570 1340 613 in
1367 569 1534 623 armis,
1561 582 1691 629 quae

201 653 396 701 laetitia
431 658 482 700 in
518 655 704 710 reditu,
740 670 871 718 quae
907 671 1043 710 cura,
1075 657 1158 718 qui
1196 654 1352 710 dolor,
1388 671 1502 701 cum
1539 654 1603 701 ad
1637 660 1691 699 te

199 759 347 788 curae
370 750 422 789 et
442 742 637 789 dolores
657 745 755 788 mei
775 741 1121 805 perferrentur
1141 743 1150 789 !
1215 742 1534 789 Brundisium
1554 742 1692 789 deni-

199 847 298 892 que
336 837 389 876 te
426 830 491 877 ad
526 846 608 877 me
646 837 914 876 venturum
951 829 1122 885 fuisse,
1159 833 1250 876 nisi
1288 831 1455 877 subito
1490 833 1540 876 in
1580 829 1692 874 His-

199 920 401 979 paniam
431 921 609 964 missus
639 933 773 964 esses
799 933 809 973 ;
857 925 915 964 ut
943 917 1068 964 haec
1096 921 1251 981 igitur
1279 920 1531 973 omittam,
1561 932 1691 979 quae

199 1004 319 1051 mihi
347 1008 477 1052 tanti
506 1006 822 1052 aestimanda
848 1012 984 1061 sunt,
1011 1009 1187 1068 quanti
1216 1008 1371 1052 vitam
1400 1007 1612 1051 aestimo
1639 1010 1692 1050 et

198 1092 413 1139 salutem
434 1109 619 1148 meam,
639 1092 765 1139 liber
784 1096 898 1148 iste,
918 1110 1069 1155 quem
1091 1092 1208 1138 mihi
1232 1095 1427 1148 misisti,
1448 1098 1690 1155 quantam

198 1178 355 1226 habet
383 1180 776 1227 declarationem
807 1184 986 1227 amoris
1015 1183 1087 1226 tui
1115 1181 1123 1226 !
1171 1184 1407 1243 primum,
1436 1179 1570 1243 quod
1598 1179 1688 1225 tibi

198 1265 422 1314 facetum
443 1268 659 1323 videtur,
677 1268 922 1330 quidquid
943 1284 1037 1329 ego
1058 1269 1178 1324 dixi,
1200 1268 1335 1330 quod
1355 1267 1460 1314 aliis
1478 1265 1690 1313 fortasse

199 1371 298 1401 non
333 1359 493 1411 item3
547 1356 749 1410 deinde,
786 1355 921 1418 quod
956 1355 1056 1410 illa,
1092 1358 1195 1401 sive
1231 1354 1399 1402 faceta
1434 1361 1553 1401 sunt
1587 1357 1690 1400 sive

198 1442 379 1497 secus‚1
406 1442 552 1498 fiunt,
582 1449 820 1489 narrante
851 1449 922 1498 te,
949 1445 1314 1489 venustissima.
1370 1442 1505 1500 Quin
1535 1443 1690 1487 etiam

199 1536 337 1585 ante,
368 1547 520 1593 quam
552 1531 616 1577 ad
646 1547 728 1577 me
760 1533 1008 1586 veniatur,
1038 1533 1163 1576 risus
1194 1533 1354 1577 omnis
1382 1545 1547 1593 paene
1577 1544 1690 1575 con-

149 1624 174 1663 3
199 1621 428 1665 sumitur.
497 1618 646 1676 Quod
680 1621 720 1664 si
754 1621 805 1664 in
838 1621 896 1665 iis
930 1618 1204 1665 scribendis
1239 1617 1361 1664 nihil
1395 1616 1548 1672 aliud,
1581 1617 1690 1671 nisi,

199 1705 334 1767 quod
371 1722 576 1752 neeesse
613 1704 727 1760 fuit,
761 1706 825 1752 de
863 1723 962 1752 uno
999 1722 1080 1751 me
1117 1706 1313 1752 tamdiu
1349 1707 1690 1769 cogitavisses,

199 1791 391 1839 ferreus
418 1809 598 1848 essem,
617 1796 656 1839 si
682 1800 735 1839 te
756 1810 855 1839 non
876 1809 1114 1839 amarem.
1167 1792 1294 1839 Cum
1314 1809 1432 1839 vero
1457 1808 1534 1847 ea,
1558 1806 1689 1854 quae

199 1883 446 1942 scriptura
475 1887 770 1942 persecutus
802 1897 872 1936 es,
903 1884 1009 1927 sine
1041 1897 1236 1927 summo
1267 1897 1436 1926 amore
1466 1882 1689 1943 cogitare

200 1984 299 2013 non
319 1971 561 2030 potueriS‚
581 1985 679 2014 non
700 1985 901 2030 possum
924 1971 1232 2023 existimare,
1251 1967 1362 2030 plus
1381 1982 1686 2030 quemquam

200 2072 229 2101 a
248 2071 300 2101 se
320 2058 445 2118 ipso,
465 2073 614 2118 quam
636 2072 716 2102 me
738 2072 767 2101 a
785 2063 837 2102 te
858 2059 1029 2101 amari.
1083 2055 1174 2102 Cui
1194 2056 1399 2118 quidem
1419 2071 1514 2118 ego
1533 2055 1686 2100 amori

201 2146 395 2189 utinam
432 2146 614 2190 ceteris
649 2144 799 2190 rebus
835 2143 1067 2206 possem!
1110 2160 1279 2189 amore
1315 2149 1454 2189 certe
1485 2158 1687 2204 respon-

201 2231 368 2286 debo3
426 2248 526 2293 quo
562 2238 736 2277 tamen
778 2234 885 2293 ipso
922 2231 1013 2278 tibi
1050 2231 1246 2278 confido
1288 2229 1514 2277 futurum
1549 2231 1685 2275 satis.

151 2324 177 2362 4
203 2317 347 2364 Nunc
390 2319 453 2365 ad
496 2318 764 2380 epistulam
808 2321 971 2374 venio,
1012 2321 1091 2364 cui
1133 2321 1332 2380 copiose
1375 2324 1429 2364 et
1468 2319 1688 2363 suaviter

201 2409 417 2468 scriptae
447 2405 568 2452 nihil
598 2413 675 2452 est
703 2406 838 2469 quod
867 2405 1027 2452 multa
1054 2406 1404 2468 respondeam.
1466 2404 1685 2451 Primum

431 2512 448 2539 ¹
483 2513 814 2564 Corradumsor
835 2515 896 2554 sic
916 2514 963 2561 (⁶⁶
981 2527 1043 2562 so,
1063 2527 1110 2554 eo
1129 2514 1176 2565 ⁹⁹)
1197 2514 1245 2554 in
1267 2513 1334 2554 the
1353 2524 1454 2555 uss.

212 2583 308 2625 312
