1837 3029
881 190 1132 237 CICERO

261 321 535 381 gentiaque
566 321 771 380 poterit,
800 335 898 381 quo
926 321 1085 381 magis
1115 317 1434 380 amplexetur
1461 333 1518 364 ac
1547 323 1753 364 tueatur

261 391 499 439 iudicium
524 408 671 439 suum
695 407 707 439 z
750 398 804 438 et
829 390 949 438 mihi
975 394 1316 456 gratissimum
1340 393 1452 439 erit.

824 654 971 700 xvn
1009 653 1069 716 (Ι.
1112 653 1188 717 17)

678 796 733 830 M.
772 798 962 830 BRUTUS
997 798 1034 829 S.
1072 799 1119 829 D.
1157 798 1332 830 ATTICO

757 889 809 930 In
831 891 999 936 castris,
1024 903 1156 931 A.u.c.
1181 892 1257 930 711

213 991 232 1032 1
323 985 504 1032 Scribis
524 985 645 1032 mihi
664 988 831 1032 mirari
852 985 1162 1040 Ciceronem,
1182 985 1315 1048 quod
1337 984 1455 1031 nihil
1475 984 1750 1049 significem

259 1069 499 1117 umquam
528 1054 590 1100 de
619 1057 718 1100 suis
747 1056 869 1099 actis
896 1070 905 1099 :
953 1056 1190 1115 quoniam
1218 1069 1299 1099 me
1328 1052 1544 1116 flagitas,
1571 1059 1750 1100 coactu

258 1127 347 1168 tuo
373 1122 604 1176 scribam,
633 1137 763 1184 quae
790 1123 967 1167 sentio.
1039 1120 1222 1166 Omnia
1248 1119 1426 1166 fecisse
1455 1120 1750 1167 Ciceronem

257 1191 449 1250 optimo
476 1191 642 1234 animo
669 1191 768 1234 scio
793 1203 804 1243 3
848 1187 969 1250 quid
995 1190 1129 1233 enim
1156 1186 1276 1233 mihi
1304 1187 1612 1249 exploratius
1639 1204 1748 1235 esse

256 1262 428 1317 potest
469 1271 623 1318 quam
666 1255 793 1301 illius
832 1258 1025 1300 animus
1067 1258 1118 1300 in
1154 1271 1262 1300 rem
1309 1254 1604 1316 publicam?
1657 1255 1747 1302 sed

256 1321 507 1385 quaedam
532 1321 653 1368 mihi
683 1322 897 1377 videtur,
927 1322 1048 1385 quid
1074 1322 1274 1368 dicam?
1318 1321 1344 1337 ‘⁴
1365 1320 1652 1384 imperite‚’'
1677 1325 1749 1368 vir

255 1392 479 1436 omnium
503 1389 938 1452 prudentissimus,
965 1405 1029 1435 an
1055 1388 1082 1405 ‘⁴
1103 1390 1368 1435 ambitiose
1390 1388 1416 1404 ’'
1441 1388 1637 1444 secisse,
1663 1392 1746 1452 qui

256 1457 652 1504 valentissimum
697 1458 977 1503 Antonium
1021 1460 1272 1518 suscipere
1318 1472 1407 1518 pro
1451 1473 1505 1502 re
1551 1456 1750 1518 publica

255 1540 354 1571 non
381 1525 625 1572 dubitarit
654 1527 910 1571 inimicum
934 1525 952 1569 ?
1022 1523 1217 1579 Nescio,
1248 1523 1369 1586 quid
1397 1525 1609 1570 scribam
1639 1524 1748 1579 tibi,

256 1595 348 1638 nisi
374 1609 530 1638 unum
555 1609 564 1638 :
607 1595 749 1654 pueri
774 1598 827 1639 et
857 1591 1190 1654 cupiditatem
1215 1598 1267 1637 et
1297 1591 1553 1638 licentiam
1582 1594 1747 1654 potius

256 1675 365 1706 esse
386 1662 634 1706 irritatam
652 1676 804 1722 quam
823 1675 1103 1721 repressam
1121 1676 1150 1705 a
1170 1659 1427 1713 Cicerone,
1442 1665 1745 1721 tantumque

258 1743 374 1772 eum
400 1728 623 1773 tribucre
650 1725 764 1772 huic
790 1726 1155 1788 indulgentiae,
1182 1733 1237 1771 ut
1264 1742 1316 1771 se
1343 1725 1622 1772 maledictis
1650 1742 1746 1771 non

257 1795 529 1849 abstineat,
554 1798 610 1839 iis
638 1794 860 1856 quidem,
891 1810 1020 1855 quac
1053 1797 1101 1838 in
1135 1797 1299 1855 ipsum
1333 1793 1599 1854 dupliciter
1627 1796 1748 1839 reci-

255 1861 400 1915 dunt,
429 1861 564 1923 quod
592 1868 645 1907 ct
671 1861 837 1923 plures
865 1861 1046 1906 occidit
1074 1877 1172 1906 uno
1200 1876 1354 1922 seque
1383 1863 1517 1922 prius
1545 1861 1747 1921 oportet

255 1927 480 1974 fateatur
505 1932 753 1983 sicarium,
781 1945 932 1990 quam
959 1929 1160 1973 obiiciat
1187 1928 1373 1973 Cascae
1400 1927 1535 1989 quod
1559 1928 1747 1981 obiicit,

255 2003 306 2041 ct
343 1999 571 2042 imitatur
600 1999 649 2041 in
681 1996 836 2041 Casca
873 1995 1109 2041 Bestiam.
1184 1996 1281 2048 An,
1313 1998 1429 2056 quia
1463 2011 1563 2040 non
1592 1997 1749 2041 omni-

255 2063 346 2107 bus
377 2062 507 2109 horis
543 2066 787 2109 iactamus
821 2063 939 2109 Idus
977 2062 1189 2108 Martias
1220 2062 1448 2107 similiter
1481 2068 1635 2124 atque
1665 2061 1746 2108 illc

256 2130 423 2175 Nonas
452 2131 761 2176 Decembres
787 2146 901 2176 suas
927 2133 979 2175 in
1005 2145 1089 2176 ore
1116 2128 1290 2184 habet,
1317 2145 1376 2176 eo
1402 2129 1607 2175 meliore
1633 2145 1747 2176 con-

312 2280 332 2301 ⁸
363 2275 596 2317 Octavian.

314 2329 330 2355 δ
364 2329 410 2370 Ρ.
435 2331 645 2370 Servilius
667 2330 821 2377 Casca,
844 2345 926 2370 one
949 2332 999 2370 of
1014 2330 1087 2370 the
1110 2329 1288 2381 leading
1309 2328 1621 2381 tyrannicides.

315 2389 330 2408 ⁶
363 2384 413 2425 L.
433 2385 698 2436 Calpurnius
719 2385 880 2431 Bestia,
897 2399 979 2424 one
997 2386 1046 2424 of
1059 2384 1248 2424 Ciccro's
1265 2383 1481 2436 principal
1497 2387 1746 2436 opponents

253 2441 300 2478 at
321 2438 394 2478 the
415 2440 521 2478 time
542 2440 592 2478 of
609 2439 681 2478 the
704 2440 993 2478 Catilinarian
1015 2440 1290 2489 conspiracy.

313 2492 329 2514 ‘¹
364 2493 606 2531 December
637 2492 726 2538 Sili,
761 2496 814 2531 153
849 2507 942 2536 nx..
976 2506 1063 2531 was
1095 2492 1167 2531 th<-
1198 2491 1299 2530 date
1331 2505 1385 2530 on
1419 2490 1559 2530 which
1592 2490 1743 2532 Cicero

252 2546 461 2586 executcd
483 2546 708 2587 Catiline's
728 2546 1032 2598 accomplices,
1052 2547 1165 2585 after
1184 2559 1209 2585 a
1229 2545 1389 2586 (lebate
1408 2546 1452 2585 in
1471 2545 1547 2586 the
1566 2544 1742 2586 Senate.

248 2617 342 2659 674
