1837 3029
261 737 341 786 M.
382 737 611 786 TULLI
650 736 1047 787 CICERONIS
1086 733 1640 786 EPISTULARUM

644 819 749 868 AD
790 817 1260 867 FAMILIARES

494 950 699 998 LIBER
736 949 1054 997 DECIMUS
1091 947 1416 1009 QUARTUS

945 1068 966 1114 I

294 1192 498 1224 TULLIUS
531 1191 570 1223 S.
606 1191 655 1223 D.
688 1191 971 1222 TERENTIAE
1005 1190 1144 1230 SUAE,
1177 1190 1445 1222 TULLIOLAE
1478 1189 1616 1230 SUAE,

775 1258 1005 1288 CICERONI
1041 1258 1131 1288 SUO

326 1360 541 1401 Incohata
560 1359 910 1406 Thessalonicae,
934 1358 1057 1398 finita
1080 1357 1312 1410 Dyrrachi,
1335 1371 1466 1399 A.U.c.
1489 1360 1586 1398 696.

162 1476 181 1517 1
273 1467 340 1513 Et
362 1466 545 1513 litteris
568 1465 843 1512 multorum
868 1471 922 1512 et
944 1480 1175 1512 sermone
1199 1467 1422 1511 omnium
1447 1462 1701 1525 perfertur

211 1535 274 1581 ad
305 1551 406 1589 me,
436 1533 783 1580 incredibilem
814 1539 956 1579 tuam
989 1535 1230 1578 virtutem
1264 1538 1317 1577 et
1348 1529 1700 1577 fortitudinem

211 1618 321 1647 esse
341 1608 498 1663 teque
517 1617 611 1647 nec
631 1602 802 1655 animi,
822 1615 988 1662 neque
1009 1601 1227 1660 corporis
1245 1597 1499 1644 laboribus
1519 1595 1700 1643 defati-

210 1671 334 1731 gari.
405 1668 494 1713 Me
518 1670 757 1713 miserum
782 1667 790 1713 Ξ
834 1673 906 1722 te,
930 1669 1030 1712 ista
1054 1668 1260 1719 virtute,
1285 1664 1402 1719 fide,
1426 1664 1700 1726 probitate,

212 1734 550 1790 humanitate,
566 1737 616 1780 in
637 1741 807 1780 tantas
826 1749 1092 1779 aerumnas
1109 1739 1318 1795 propter
1334 1747 1416 1777 me
1433 1730 1665 1777 incidisse
1689 1729 1698 1775 l

211 1801 577 1864 Tulliolamque
596 1808 838 1856 nostram,
858 1817 919 1846 ex
940 1817 1040 1862 quo
1058 1806 1205 1862 patre
1223 1805 1394 1845 tantas
1413 1797 1700 1860 voluptates

212 1869 465 1930 capiebat,
494 1885 555 1914 ex
585 1884 644 1913 eo
672 1874 842 1914 tantos
870 1869 1129 1928 percipere
1155 1865 1320 1912 luctus
1344 1865 1352 1911 Ξ
1421 1865 1551 1911 Nam
1579 1863 1700 1926 quid

215 1953 310 1997 ego
349 1936 412 1982 de
451 1935 692 1981 Cicerone
730 1934 893 1980 dicam
917 1934 935 1979 ?
992 1936 1077 1996 qui
1115 1949 1228 1979 cum
1267 1935 1483 1994 primum
1521 1946 1699 1992 sapere

213 2005 399 2064 coepit,
447 2003 791 2047 acerbissimos
838 1999 1034 2047 dolores
1081 2002 1408 2061 miseriasque
1454 2000 1698 2060 percepit.

214 2070 359 2127 Quae
397 2072 454 2123 si,
493 2076 550 2114 ut
587 2076 644 2115 tu
681 2068 871 2122 scribis,
909 2066 1016 2113 fato
1052 2065 1190 2113 facta
1225 2073 1478 2129 putarem,
1514 2063 1699 2110 ferrem

215 2135 382 2198 paullo
404 2134 597 2181 facilius
620 2150 631 2190 ;
674 2135 766 2182 sed
788 2137 956 2181 omnia
977 2140 1096 2180 sunt
1118 2149 1234 2179 mea
1253 2132 1401 2194 culpa
1420 2134 1700 2186 commissa,

217 2206 300 2265 qui
324 2203 388 2248 ab
408 2206 466 2248 iis
489 2219 569 2248 me
592 2204 749 2248 amari
768 2202 1033 2264 putabam,
1055 2203 1139 2263 qui
1159 2200 1473 2254 invidebant,
1494 2214 1579 2245 eos
1601 2214 1699 2244 non

279 2344 297 2362 ⁶
328 2337 400 2378 All
427 2338 502 2379 the
529 2338 674 2379 letters
704 2340 747 2378 in
776 2337 862 2378 this
890 2336 1011 2378 book
1040 2351 1114 2377 are
1134 2338 1249 2376 from
1272 2335 1424 2376 Cicero
1445 2339 1490 2375 to
1513 2334 1579 2374 his
1601 2333 1700 2373 wife

220 2392 422 2432 Terentia
453 2392 541 2432 and
581 2392 647 2432 his
677 2392 831 2443 family
865 2394 907 2431 in
947 2392 1099 2431 Rome.
1164 2390 1363 2441 Nothing
1394 2391 1428 2429 is
1460 2388 1623 2429 known
1653 2387 1705 2427 of

221 2446 423 2486 Terentia
465 2447 614 2486 before
657 2446 733 2486 her
777 2447 994 2496 marriage
1037 2444 1140 2484 with
1185 2444 1350 2484 Cicero.
1411 2442 1499 2483 She
1542 2454 1631 2482 was
1672 2455 1699 2481 a

222 2514 393 2540 woman
421 2502 472 2540 of
493 2499 634 2540 sound
662 2513 867 2540 common
895 2513 1019 2539 sense
1045 2498 1133 2538 and
1162 2498 1360 2538 firmness
1387 2499 1437 2537 of
1458 2497 1697 2537 character.

224 2554 263 2594 It
280 2556 313 2594 is
330 2554 537 2595 doubtful
553 2554 746 2595 whether
762 2553 951 2595 Cicero's
967 2554 1210 2605 suspicions
1226 2553 1277 2593 of
1289 2551 1365 2592 her
1380 2555 1699 2602 extravagance

231 2625 320 2665 180
