1837 3029
869 194 1118 241 CICERO

251 338 428 385 regum
473 323 587 369 odio
630 339 685 370 se
728 340 843 370 cum
885 324 1029 370 bonis
1073 326 1401 387 coniungunt.
1468 321 1736 385 Pompeius

252 395 419 438 onmia
441 392 705 454 pollicetur
730 399 783 439 et
807 392 993 439 Caesar
1014 408 1025 448 ;
1067 394 1248 455 quibus
1274 409 1370 456 ego
1392 395 1465 439 ita
1488 392 1656 447 credo,
1678 395 1737 437 ut

252 463 374 509 nihil
432 465 494 510 de
553 480 668 509 mea
725 467 1100 526 comparatione
1159 464 1464 510 deminuam.
1529 462 1736 509 Tribuni

253 533 413 595 plebis
471 534 722 595 designati
781 540 899 579 sunt
957 535 1099 580 nobis
1158 537 1317 580 amici.
1386 531 1626 579 Consules
1683 547 1737 578 se

253 607 444 664 optime
479 604 771 650 ostendunt.
839 603 1104 650 Praetores
1138 602 1384 649 habemus
1417 604 1738 648 amicissimos

254 681 307 719 et
331 676 596 719 acerrimos
619 677 769 729 cives,
794 673 1093 728 Domitium,
1118 673 1394 735 Nigidium,
1418 671 1738 725 Memmium,

254 742 563 798 Lentulum;
614 744 771 789 bonos
805 748 959 790 etiam
994 742 1149 798 alios;
1200 744 1290 789 sed
1321 742 1412 789 hos
1444 741 1738 804 singulares.

252 814 422 871 Quare
448 830 690 876 magnum
717 811 796 860 fac
823 816 1046 860 animum
1072 812 1261 859 habeas
1289 819 1343 858 et
1369 827 1510 875 spem
1537 813 1738 858 bonam.

255 883 335 929 De
374 882 581 945 singulis
620 890 794 929 tamen
834 885 1002 939 rebus,
1042 899 1174 947 quae
1214 882 1442 946 quotidie
1479 887 1741 946 gerantur,

253 952 435 1000 faciam
461 961 512 1000 te
537 955 712 1000 crebro
736 958 1020 1002 certiorem.

963 1185 1042 1233 III

668 1330 724 1363 M.
751 1330 923 1360 CICERO
947 1329 983 1361 S.
1011 1330 1058 1362 D.
1083 1330 1127 1367 Q.
1153 1330 1338 1362 FRATRI

693 1442 1043 1490 Thessalonicae,
1065 1457 1196 1484 A.U.C.
1218 1446 1315 1484 696.

215 1569 234 1610 1
328 1562 403 1608 Mi
445 1562 619 1618 frater,
656 1564 725 1608 mi
766 1560 940 1616 frater,
978 1564 1047 1607 mi
1089 1559 1262 1616 frater,
1300 1567 1424 1608 tune
1464 1560 1517 1608 id
1558 1563 1746 1608 veritus

263 1649 334 1688 es,
370 1649 433 1678 ne
471 1648 565 1695 ego
601 1631 856 1677 iracundia
892 1629 1058 1692 aliqua
1094 1629 1340 1677 adductus
1375 1646 1557 1692 pueros
1593 1629 1659 1677 ad
1691 1636 1745 1676 te

263 1705 369 1748 sine
399 1701 580 1748 litteris
609 1701 871 1747 miserim?
921 1708 1011 1747 aut
1041 1703 1196 1747 etiam
1227 1716 1291 1746 ne
1322 1707 1376 1747 te
1407 1700 1576 1747 videre
1607 1699 1747 1747 nolu-

265 1777 387 1819 erim
411 1773 428 1818 ?
495 1772 606 1834 Ego
635 1771 728 1817 tibi
758 1770 1036 1817 irascerer?
1085 1771 1178 1816 tibi
1209 1786 1304 1833 ego
1334 1786 1533 1832 possem
1561 1770 1746 1818 irasci?

263 1841 496 1897 Scilicet3
544 1848 601 1887 tu
634 1843 767 1886 enim
796 1855 880 1887 me
909 1841 1161 1887 afflixisti:
1209 1843 1285 1886 tui
1314 1856 1396 1886 me
1426 1843 1630 1897 inimici,
1658 1847 1750 1887 tua

265 1929 346 1959 me
372 1911 574 1967 invidia,
599 1927 655 1957 ac
681 1927 782 1958 non
806 1926 901 1973 ego
926 1918 980 1957 te
1004 1913 1185 1956 misere
1211 1911 1421 1972 perdidi.
1492 1910 1641 1958 Meus
1665 1910 1747 1957 ille

264 1983 498 2029 laudatus
538 1980 824 2028 consulatus
865 1980 985 2027 mihi
1027 1987 1098 2035 te,
1138 1979 1337 2034 liberos,
1378 1984 1611 2042 patriam,
1652 1979 1748 2026 for-

266 2061 432 2107 tunam,
455 2053 546 2098 tibi
569 2052 717 2097 velim
741 2068 803 2097 ne
827 2052 947 2114 quid
970 2054 1227 2113 eripuerit,
1248 2058 1452 2112 praeter
1473 2068 1626 2097 unum
1649 2067 1746 2097 me.

267 2123 365 2169 Sed
388 2129 525 2168 certe
548 2138 578 2168 a
599 2129 652 2168 te
674 2120 794 2168 mihi
816 2124 984 2167 omnia
1005 2136 1204 2183 semper
1223 2118 1438 2168 honesta
1459 2127 1513 2168 et
1531 2121 1749 2168 iucunda

265 2192 556 2240 ceciderunt
578 2206 590 2247 3
628 2207 658 2237 a
678 2207 760 2237 me
781 2191 874 2236 tibi
895 2190 1057 2237 luctus
1078 2206 1223 2237 meae
1244 2189 1562 2246 calamitatis,
1582 2197 1749 2237 metus

397 2357 413 2376 ‘¹
445 2352 528 2403 i.e.‚
551 2351 624 2390 the
645 2348 820 2390 consuls
841 2349 963 2395 elect,
988 2349 1038 2390 L.
1063 2348 1163 2389 Piso
1184 2348 1272 2389 and
1295 2350 1350 2389 A.
1374 2348 1605 2390 Gabinius.

494 2405 510 2429 ⁶
541 2405 766 2444 Praetores
789 2405 1049 2454 desiynatos,
1071 2403 1144 2443 the
1166 2408 1361 2454 praetors
1383 2403 1504 2443 elect.

369 2464 384 2485 ἒ
417 2458 464 2500 F.
488 2457 1399 2552 Nigidiun!1sqg‘isglugssijonb‘lggvnotgigmlFizm.
1425 2460 1477 2497 iv.
1507 2460 1568 2497 13.
1596 2461 1631 2499 l.

274 2584 365 2626 4525
