1837 3029
829 211 1078 259 CICERO

215 339 487 387 lectatione
539 340 822 403 litterisque
874 342 1104 388 omnibus
1154 357 1336 397 careo;
1404 358 1529 405 quas
1580 348 1699 388 ante

215 423 366 469 quam
393 415 445 454 te
471 409 658 463 videro,
681 412 935 471 attingere
964 425 1062 454 non
1082 425 1299 470 possum.
1351 408 1554 456 Medico
1572 424 1702 455 mer-

213 475 367 528 cedis,
402 483 649 537 quantum
691 483 883 536 poscet,
919 479 1146 537 promitti
1181 477 1371 522 iubeto.
1435 476 1495 523 Id
1530 478 1700 538 scripsi

167 547 190 584 2
216 542 278 586 ad
319 541 592 588 Ummium.
669 543 835 588 Audio
880 550 933 588 te
980 547 1146 588 animo
1183 546 1317 605 angi,
1354 550 1408 589 et
1448 543 1699 589 medicum

214 609 380 653 dicere
416 625 477 654 ex
514 625 573 654 eo
615 616 668 654 te
711 609 952 655 laborare.
1021 609 1070 656 Si
1104 625 1186 656 me
1219 610 1401 673 diligis,
1435 613 1603 656 excita
1636 625 1699 656 ex

215 691 389 721 somno
420 682 533 721 tuas
564 675 759 722 litteras
790 676 1282 739 humanitatemque,
1310 684 1519 739 propter
1547 692 1699 739 quam

214 741 334 787 mihi
355 758 407 787 es
426 746 722 789 carissimus.
777 744 920 789 Nunc
940 761 1064 806 opus
1084 752 1162 790 est
1181 752 1233 790 te
1255 747 1420 790 animo
1440 743 1623 798 valere,
1642 750 1699 789 ut

213 825 419 870 corpore
443 813 615 872 possis.
677 810 734 857 Id
759 827 872 856 cum
898 819 1004 866 tua,
1029 819 1138 857 tum
1164 827 1278 856 mea
1302 827 1452 857 causa
1474 809 1646 864 facias,
1670 826 1699 855 a

214 882 267 921 te
295 883 432 937 peto.
493 878 737 923 Acastum
764 881 946 932 retine,
975 895 1073 941 quo
1101 878 1410 924 commodius
1436 878 1529 924 tibi
1556 879 1698 922 mini-

214 949 417 989 stretur.
482 943 734 990 Conserva
757 953 810 991 te
836 945 956 991 mihi
980 961 990 1001 ;
1021 946 1128 992 dies
1152 948 1506 1007 promissorum
1537 944 1699 998 adest,

215 1026 366 1071 quem
384 1013 537 1056 etiam
557 1013 1074 1073 repraesentabo,—si
1095 1013 1372 1059 adveneris.
1434 1011 1601 1058 Etiam
1625 1018 1697 1057 at-

214 1092 313 1139 que
339 1081 492 1122 etiam
518 1078 642 1125 vale.
713 1095 776 1125 1v.
806 1080 924 1125 Idus
949 1079 1068 1125 hora
1093 1096 1158 1127 VI.

622 1421 678 1454 Μ.
713 1423 759 1455 Τ.
795 1424 836 1454 C.
874 1423 909 1455 S.
948 1424 991 1455 P.
1029 1425 1076 1455 D.
1111 1425 1286 1456 TIRONI

645 1540 812 1587 Cumis,
834 1556 964 1582 A.u.c.
989 1546 1069 1582 700
1092 1542 1156 1582 vel
1179 1546 1274 1583 701.

169 1669 189 1710 1
282 1661 521 1725 Aegypta
547 1662 611 1709 ad
637 1679 718 1708 me
746 1666 884 1710 venit
912 1664 1072 1725 pridie
1100 1663 1217 1710 Idus
1245 1662 1459 1725 Apriles.
1528 1661 1576 1708 Is
1603 1663 1695 1708 etsi

217 1727 337 1773 milii
361 1732 629 1785 nuntiavit,
653 1736 706 1776 te
736 1730 885 1791 plane
908 1730 1037 1777 febri
1059 1747 1229 1777 carere
1255 1738 1308 1777 et
1336 1729 1467 1776 belle
1491 1728 1695 1782 habere,

216 1802 406 1850 tamen,
448 1796 584 1858 quod
625 1801 831 1859 negavit
873 1805 925 1844 te
968 1801 1191 1859 potuisse
1234 1798 1297 1844 ad
1339 1813 1420 1843 me
1463 1797 1696 1850 scribere,

215 1878 385 1907 curam
406 1862 526 1908 mihi
548 1863 737 1919 attulit,
773 1871 826 1910 et
848 1880 907 1910 eo
936 1868 1114 1925 magis,
1133 1865 1269 1927 quod
1298 1864 1524 1918 Hermia,
1544 1879 1694 1925 quem

216 1929 396 1975 eodem
431 1930 513 1976 die
549 1934 718 1976 venire
754 1938 1066 1992 oportuerat,
1102 1949 1201 1977 non
1236 1938 1460 1977 venerat.
1533 1930 1696 1976 Incre-

215 1996 354 2041 dibili
377 2013 486 2042 sum
511 1997 843 2043 sollicitudine
868 1999 931 2044 de
956 2006 1045 2044 tua
1069 1998 1357 2044 valetudine
1383 2014 1393 2052 ;
1428 2014 1527 2059 qua
1551 2000 1588 2042 si
1614 2013 1694 2041 me

215 2062 456 2119 liberaris,
475 2080 570 2126 ego
589 2072 641 2111 te
662 2069 796 2110 omni
815 2082 933 2111 cura
950 2065 1189 2112 liberabo.
1244 2065 1392 2111 Plura
1410 2065 1695 2117 scriberem,

216 2133 254 2174 si
285 2133 382 2175 iam
412 2139 646 2192 putarem
676 2132 893 2178 libenter
922 2140 974 2178 te
1006 2133 1174 2193 legere
1204 2148 1366 2194 posse.
1431 2131 1694 2194 Ingenium

215 2204 378 2251 tuum,
419 2199 553 2260 quod
596 2215 690 2262 ego
732 2202 936 2244 maximi
978 2199 1124 2255 facio,
1165 2198 1337 2245 confer
1377 2199 1441 2245 ad
1482 2206 1534 2244 te
1576 2196 1694 2243 mihi

279 2363 295 2379 ‘¹
329 2356 521 2408 Perhaps
563 2357 753 2397 Cicero’s
793 2359 1082 2409 dispensator.
1126 2357 1367 2398 household
1409 2355 1611 2401 steward.
1651 2358 1694 2394 at

216 2408 471 2451 Tusculiun.

281 2464 295 2485 ‘²
325 2464 388 2503 'I‘o
411 2466 627 2504 inanumit
648 2478 750 2515 you.

281 2522 294 2540 ⁶
331 2518 552 2570 Fornierly
574 2533 599 2557 a
620 2518 751 2564 slave,
775 2532 871 2558 now
893 2533 918 2558 a
939 2519 1182 2565 freedinan,
1204 2520 1254 2559 of
1270 2519 1434 2559 Cicero.

277 2571 295 2594 ‘⁸
329 2572 549 2623 Probably
569 2585 593 2611 a
615 2572 732 2611 slave
753 2574 803 2612 of
819 2573 983 2614 Cicero.
1049 2573 1118 2624 Cf.
1145 2577 1194 2622 Q.
1219 2573 1294 2613 Fr.
1318 2575 1344 2614 i.
1367 2575 1407 2612 2.
1436 2574 1498 2612 1⁶2.

225 2640 318 2682 350
