1868 3040
899 201 1151 249 CICERO

273 347 363 392 pro
397 337 567 376 nostro
605 347 792 384 amore,
829 347 918 392 pro
952 331 1129 376 studiis
1166 338 1218 378 et
1252 335 1388 382 omni
1421 348 1567 379 cursu
1597 339 1768 384 nostro

273 424 427 467 totius
450 424 581 465 vitae
602 420 868 475 simillimo,
890 437 1010 483 rogo
1031 422 1105 483 (et
1127 438 1155 466 a
1176 427 1227 467 te
1249 425 1321 466 ita
1341 429 1479 483 peto,
1501 429 1558 468 ut
1577 426 1766 469 maiore

271 527 405 565 cura,
431 514 618 555 maiore
653 511 820 556 studio
855 510 989 556 nullo
1023 511 1247 574 possim),
1274 518 1331 558 ut
1364 510 1493 558 hanc
1524 529 1628 558 rem
1663 510 1765 559 sus-

270 604 422 662 cipias
447 615 458 655 ;
493 616 660 645 meam
677 607 826 662 putes
845 616 953 647 esse
977 616 989 656 3
1025 603 1548 657 enitaremontendas,
1566 603 1765 658 efficias,

272 698 325 736 ut
364 707 477 736 mea
511 691 969 747 commendatione,
1005 699 1094 738 tuo
1129 692 1314 748 studio,
1350 692 1576 738 Caesaris
1611 694 1764 740 bene-

273 781 399 837 ficio,
433 781 773 829 hereditatem
805 787 1072 845 propinqui
1105 787 1180 829 sui
1214 783 1268 830 C.
1304 782 1484 846 Capito
1516 784 1762 832 obtineat.

270 872 471 929 Omnia,
519 889 649 936 quae
695 877 839 935 potui
884 877 935 919 in
981 873 1074 920 hac
1119 891 1317 920 summa
1361 882 1452 921 tua
1496 879 1662 938 gratia
1707 892 1764 922 ac

267 967 499 1024 potentia
526 980 555 1009 a
580 970 633 1010 te
660 966 952 1026 impetrare,
979 967 1018 1010 si
1044 968 1322 1027 petiissem,
1350 965 1481 1012 ultro
1507 973 1561 1012 te
1589 965 1653 1012 ad
1679 982 1762 1013 me

220 1059 245 1097 6
269 1053 509 1100 detulisse
529 1054 741 1116 putabo,
760 1058 801 1100 si
819 1054 949 1101 hanc
967 1071 1076 1101 rem
1094 1058 1448 1118 impetravero.
1505 1055 1635 1103 Illud
1655 1055 1762 1104 fore

271 1144 364 1189 tibi
391 1145 685 1191 adiumento
709 1161 873 1207 spero,
899 1149 1037 1191 cuius
1063 1149 1170 1207 ipse
1196 1145 1383 1192 Caesar
1407 1162 1516 1193 esse
1542 1150 1763 1209 optimus

267 1234 420 1280 iudex
464 1242 669 1297 potest:
730 1251 931 1298 semper
974 1235 1243 1282 Caesarem
1288 1236 1468 1300 Capito
1511 1237 1665 1301 coluit
1708 1244 1763 1285 et

267 1324 461 1372 dilexit.
523 1325 625 1372 Sed
653 1329 760 1388 ipse
791 1325 935 1373 huius
965 1330 1037 1373 rei
1067 1330 1213 1373 testis
1245 1334 1358 1383 est3
1405 1331 1518 1375 novi
1548 1326 1761 1374 hominis

267 1420 578 1463 memoriam.
662 1416 845 1479 Itaque
892 1417 1014 1463 nihil
1061 1425 1114 1464 te
1163 1418 1354 1474 doceo3
1418 1425 1620 1464 tantum
1668 1419 1760 1464 tibi

267 1510 452 1553 sumito
473 1523 563 1569 pro
587 1506 834 1569 Capitone
859 1508 992 1570 apud
1017 1507 1304 1564 Caesarem,
1327 1516 1574 1571 quantum
1597 1512 1760 1571 ipsum

218 1606 241 1645 7
265 1601 552 1644 meminisse
592 1601 797 1645 senties,
873 1599 1000 1661 Ego,
1042 1599 1178 1662 quod
1218 1603 1269 1645 in
1311 1603 1504 1662 meipso
1546 1602 1761 1661 experiri

266 1691 427 1750 potui,
459 1689 522 1734 ad
554 1695 607 1735 te
640 1689 881 1735 deferam.
950 1690 1008 1735 In
1042 1706 1101 1735 eo
1133 1697 1381 1753 quantum
1412 1694 1477 1737 sit
1507 1691 1761 1753 ponderis,

268 1785 324 1825 tu
362 1779 567 1825 videbis,
639 1778 805 1838 Quam
840 1787 1038 1842 partem
1075 1784 1127 1826 in
1163 1781 1420 1843 republica
1455 1797 1760 1845 causamque

268 1868 600 1924 defenderim,
633 1886 724 1932 per
758 1887 880 1932 quos
917 1870 1141 1917 homines
1176 1872 1478 1934 ordinesque
1511 1875 1760 1926 steterim,

269 1961 564 2023 quibusque
586 1964 809 2007 munitus
844 1960 1043 2017 fuerim,
1078 1979 1175 2007 non
1212 1966 1425 2025 ignoras.
1496 1962 1606 2008 Hoc
1639 1961 1760 2009 mihi

270 2050 418 2097 velim
440 2052 613 2098 credas
639 2068 649 2099 :
689 2055 728 2098 si
752 2052 873 2115 quid
895 2051 1100 2099 fecerim
1125 2052 1218 2099 hoc
1239 2057 1346 2115 ipso
1369 2055 1420 2098 in
1441 2052 1574 2100 bello
1596 2057 1760 2101 minus

270 2157 333 2186 ex
371 2142 598 2189 Caesaris
639 2142 901 2189 voluntate
939 2144 1096 2207 (quod
1142 2143 1392 2190 intellexil
1421 2147 1554 2190 scire
1595 2147 1759 2206 ipsum

270 2231 556 2289 Caesarem,
575 2250 655 2279 me
676 2236 1026 2280 invitissimum
1047 2233 1264 2298 fecisse),
1283 2235 1333 2281 id
1353 2233 1529 2287 fecisse
1550 2233 1758 2281 aliorum

388 2371 404 2396 ²
439 2371 624 2424 Tyrrell,
644 2372 746 2412 with
768 2378 876 2413 most
899 2373 1085 2414 editors:
1120 2372 1406 2414 intellexerim
1430 2352 1587 2414 Nobbe.

506 2566 524 2586 ⁰
552 2561 636 2609 i.e.,
659 2562 731 2601 the
752 2563 982 2602 senatorial
1004 2561 1090 2602 and
1118 2563 1189 2602 the
1210 2564 1472 2614 equestrian.

279 2630 341 2676 94
