1837 3029
846 151 1098 198 CICERO

224 288 280 328 et
337 289 390 328 te
449 285 501 328 in
562 281 760 328 Italiam
818 281 1050 328 celeriter
1107 297 1216 329 esse
1275 287 1543 328 venturum
1602 297 1718 329 con-

227 369 336 415 fido.

777 532 956 579 xxm
993 532 1053 596 (Ι.
1095 534 1172 595 14)

617 678 672 709 M.
710 678 883 708 CICERO
919 678 955 709 S.
994 678 1040 709 D.
1079 678 1132 708 M.
1172 678 1333 709 BRUTO

756 769 938 817 Romae,
962 783 1093 812 A.U.C.
1118 773 1194 811 711

184 873 204 914 1
295 866 478 914 Breves
499 866 700 914 litterae
721 874 859 922 tuae,
876 868 1052 913 breves
1074 867 1183 913 dico
1203 867 1221 913 ?
1247 869 1400 914 immo
1420 866 1612 913 nullae:
1637 868 1723 913 tri-

232 956 391 1002 busne
418 955 668 1002 versiculis
699 954 773 1001 his
800 956 1111 1017 temporibus
1142 954 1325 1002 Brutus
1352 954 1417 1001 ad
1442 971 1523 1001 me
1548 955 1566 1000 ?
1604 953 1723 1000 nihil

231 1047 536 1106 scripsissem
562 1046 743 1106 potius.
812 1043 881 1089 Et
905 1046 1114 1105 requiris
1141 1059 1278 1089 meas
1300 1060 1310 1089 :
1348 1046 1457 1106 quis
1483 1059 1723 1104 umquam

233 1131 296 1178 ad
324 1138 377 1178 te
407 1138 608 1177 tuorum
634 1134 740 1177 sine
770 1134 893 1177 meis
921 1134 1058 1177 venit
1082 1131 1100 1177 Ρ
1148 1147 1278 1193 quae
1308 1137 1482 1177 autem
1509 1129 1723 1193 epistula

233 1236 332 1265 non
373 1219 568 1282 pondus
614 1218 833 1265 habuit?
890 1235 1019 1281 quae
1065 1222 1105 1265 si
1151 1218 1215 1265 ad
1260 1225 1313 1265 te
1355 1218 1582 1281 perlatae
1626 1234 1724 1263 non

233 1314 367 1362 sunt,
406 1323 470 1353 ne
505 1307 806 1353 domesticas
846 1306 1051 1369 quidem
1085 1313 1198 1353 tuas
1237 1306 1456 1369 perlatas
1495 1307 1722 1352 arbitror.

233 1395 459 1442 Ciceroni
480 1396 649 1441 scribis
670 1401 722 1441 te
744 1395 1019 1457 longiorem
1041 1394 1278 1440 daturum
1300 1394 1564 1456 epistolam
1586 1410 1595 1440 ι
1621 1409 1725 1438 rec-

233 1491 286 1530 te
316 1483 367 1530 id
402 1483 625 1546 quidem,
655 1483 745 1529 sed
774 1481 899 1529 haec
935 1499 1135 1545 quoque
1167 1482 1344 1529 debuit
1376 1498 1484 1528 esse
1515 1481 1721 1544 plenior.

233 1571 343 1634 Ego
371 1578 562 1627 autem,
591 1587 704 1617 cum
734 1570 796 1616 ad
825 1587 906 1616 me
935 1571 998 1617 de
1028 1570 1278 1617 Ciceronis
1307 1571 1394 1616 abs
1423 1576 1476 1616 te
1505 1569 1723 1616 discessu

233 1663 527 1721 scripsisses,
564 1662 737 1705 statim
776 1662 965 1704 extrusi
1002 1658 1288 1704 tabellarios
1326 1658 1623 1720 litterasque
1661 1656 1723 1702 ad

234 1747 546 1802 Ciceronem,
572 1753 646 1802 ut,
678 1749 875 1793 etiamsi
905 1749 956 1792 in
988 1745 1187 1792 Italiam
1215 1750 1452 1801 venisset,
1478 1745 1541 1792 ad
1571 1752 1624 1792 te
1649 1761 1725 1791 re-

235 1836 397 1890 diret;
439 1834 559 1880 nihil
587 1838 720 1880 enim
746 1834 867 1880 mihi
897 1835 1177 1889 iucundius,
1204 1833 1324 1880 nihil
1349 1833 1417 1880 illi
1447 1832 1721 1880 honestius.

235 1923 557 1985 Quamquam
616 1922 880 1985 aliquoties
945 1925 991 1968 ei
1053 1925 1347 1984 scripseram
1404 1921 1723 1968 sacerdotum

233 2014 436 2057 comitia
470 2027 584 2057 mea
619 2027 816 2056 summa
844 2013 1169 2056 contentione
1205 2013 1255 2055 in
1291 2009 1506 2056 alterum
1537 2025 1724 2055 annum

234 2115 342 2145 esse
379 2098 769 2161 reiecta—quod
810 2115 904 2162 ego
936 2115 1050 2144 cum
1088 2098 1338 2144 Ciceronis
1372 2114 1522 2143 causa
1559 2096 1724 2144 elabo-

234 2190 354 2241 ravi,
414 2193 523 2233 tum
581 2186 809 2241 Domitii,
858 2185 1080 2240 Catonis,
1140 2184 1360 2240 Lentuli,
1416 2185 1724 2240 Bibulorum,

235 2274 369 2336 quod
402 2274 465 2320 ad
497 2281 550 2320 te
585 2277 739 2320 etiarn
770 2276 1158 2336 scripseram—2
1204 2273 1293 2319 sed
1327 2272 1577 2327 videlicet,
1609 2288 1722 2318 cum

233 2363 367 2407 illam
394 2361 622 2424 pusillam
650 2361 916 2423 epistulam
944 2368 1084 2407 tuam
1106 2361 1169 2407 ad
1195 2377 1275 2406 me
1301 2361 1474 2414 dabas,
1500 2359 1722 2406 nondum

561 2514 579 2532 ‘²
611 2508 693 2549 See
719 2508 885 2547 Letters
914 2508 977 2547 111
1004 2513 1022 2555 §
1044 2512 1084 2554 3,
1110 2507 1172 2547 lx
1196 2512 1214 2554 ἓ
1235 2510 1275 2554 3,
1299 2507 1398 2548 XX.

231 2581 324 2623 '700
