1837 3029
808 198 1058 246 CICERO

143 332 458 394 2sequebar,
494 333 580 392 qui
617 329 883 390 petebant.
951 326 1098 384 Quod
1145 328 1185 371 si
1232 327 1414 371 nostris
1457 323 1672 371 consiliis

195 404 268 447 usi
298 417 539 453 essemus,
561 415 726 460 neque
751 397 885 458 apud
915 413 1003 442 nos
1026 402 1227 441 tantum
1250 394 1490 441 valuisset
1509 410 1674 441 sermo

195 479 283 518 aut
311 470 579 517 stultorum
606 472 877 514 amicorum
904 473 994 512 aut
1016 466 1375 527 improborum,
1396 467 1674 511 beatissimi

194 545 489 588 viveremus.
558 539 720 592 Nunc,
737 541 973 599 quoniam
991 552 1194 598 sperare
1212 553 1301 582 nos
1318 539 1464 582 amici
1479 536 1675 591 iubent,

195 613 326 659 dabo
347 626 572 673 operam,
593 625 656 654 ne
679 624 794 654 mea
815 607 1053 654 valetudo
1074 613 1164 652 tuo
1184 605 1342 652 labori
1362 607 1511 654 desit.
1576 606 1676 653 Res

195 688 387 745 quanta
404 684 487 735 sit,
503 678 765 741 intellego,
781 684 1075 741 quantoque
1092 675 1247 724 fuerit
1262 676 1455 724 facilius
1471 693 1677 723 manere

197 753 351 806 domi,
382 767 534 813 quam
566 749 747 796 redire.
813 747 915 795 Sed
946 755 1140 802 tamen,
1172 750 1214 794 si
1244 763 1420 794 omnes
1450 747 1678 794 tribunos

197 822 357 884 plebis
386 820 651 875 habemus,
681 822 722 865 si
754 817 1029 865 Lentulum
1061 825 1167 864 tarn
1198 819 1497 874 studiosum,
1527 835 1678 882 quam

199 892 415 947 videtur,
445 894 485 937 si
516 906 634 936 vero
665 892 820 936 etiam
852 888 1148 950 Pompeium
1180 896 1234 935 et
1264 889 1552 944 Caesarem,
1581 906 1681 936 non

151 971 175 1010 3
200 969 279 1009 est
317 960 706 1023 desperandum.
775 960 855 1006 De
896 958 1104 1015 familia,
1144 960 1397 1022 quomodo
1436 959 1682 1021 placuisse

201 1035 371 1079 amicis
399 1031 589 1085 scribis,
616 1029 874 1076 faciemus.
942 1029 1023 1075 De
1051 1029 1159 1076 loco
1189 1047 1321 1076 nunc
1349 1030 1554 1094 quidem
1582 1033 1683 1076 iam

202 1104 327 1149 abiit
352 1101 645 1164 pestilentia
667 1115 678 1155 ;
724 1100 814 1146 sed
842 1100 1084 1162 quamdiu
1110 1098 1226 1156 fuit,
1253 1116 1337 1147 me
1364 1117 1464 1148 non
1492 1104 1681 1165 attigit.

203 1172 450 1227 Plancius,
480 1170 630 1217 homo
659 1170 1059 1225 officiosissimus,
1090 1186 1171 1216 me
1203 1174 1344 1233 cupit
1375 1187 1484 1218 esse
1512 1187 1685 1218 secum

204 1250 257 1290 et
288 1241 451 1290 adhuc
480 1244 686 1288 retinet.
753 1241 864 1304 Ego
893 1240 1124 1287 volebam
1155 1240 1263 1288 loco
1293 1244 1454 1305 magis
1483 1242 1686 1289 deserto

205 1330 314 1360 esse
344 1315 395 1358 in
424 1312 595 1373 Epiro,
623 1328 723 1374 quo
755 1327 922 1373 neque
955 1310 1091 1356 Pisol
1120 1313 1316 1357 veniret
1347 1328 1440 1358 nec
1468 1311 1686 1368 milites;

204 1384 294 1430 sed
327 1380 490 1429 adhuc
523 1380 754 1427 Plancius
785 1397 867 1426 me
899 1383 1105 1427 retinet.
1171 1380 1354 1443 Sperat
1385 1398 1532 1444 posse
1564 1383 1688 1439 fieri,

205 1461 264 1501 ut
296 1469 496 1499 mecum
528 1454 580 1497 in
614 1450 816 1497 Italiam
850 1451 1083 1497 decedat.
1151 1450 1317 1509 Quem
1352 1469 1448 1515 ego
1481 1453 1617 1500 diem
1649 1457 1689 1500 si

206 1524 377 1571 videro
399 1529 452 1569 et
472 1524 512 1568 si
531 1524 583 1567 in
602 1528 827 1568 vestrum
846 1521 1167 1584 complexum
1187 1538 1372 1569 venero
1393 1540 1451 1570 ac
1470 1527 1511 1570 si
1532 1530 1586 1571 et
1605 1541 1690 1571 vos

209 1602 263 1642 et
286 1610 367 1640 me
390 1596 555 1655 ipsum
577 1608 896 1654 recuperaro,
917 1594 1040 1639 satis
1063 1609 1304 1656 magnum
1327 1592 1449 1640 mihi
1471 1593 1691 1642 fructum

207 1665 415 1711 videbor
464 1666 751 1725 percepisse
805 1670 859 1709 et
910 1670 1110 1710 vestrae
1161 1667 1370 1726 pietatis
1423 1672 1478 1712 et
1528 1682 1690 1713 meae.

159 1744 185 1782 4
209 1735 400 1781 Pisonis
424 1732 732 1788 humanitas,
757 1735 933 1788 virtus,
959 1750 1099 1779 amor
1123 1736 1175 1780 in
1201 1751 1376 1782 omnes
1402 1752 1493 1783 nos
1518 1743 1693 1784 tantus

209 1813 306 1860 est,
327 1811 385 1851 ut
406 1802 527 1849 nihil
547 1820 697 1866 supra
717 1806 891 1865 possit.
959 1803 1170 1850 Utinam
1194 1821 1255 1851 ea
1275 1821 1355 1852 res
1378 1809 1424 1852 ei
1445 1806 1693 1869 voluptati

209 1876 309 1924 sit!
356 1874 547 1938 gloriae
578 1874 784 1936 quidem
814 1874 960 1921 video
989 1872 1113 1921 fore.
1182 1874 1263 1921 De
1294 1875 1356 1934 Q.
1387 1875 1544 1924 fratre
1573 1877 1695 1924 nihil

341 1990 357 2016 ¹
391 1990 639 2038 Illanutius,
660 1990 923 2032 Drumann:
957 1992 1049 2043 ipse
1080 1991 1251 2033 Nobbe:
1285 1991 1427 2044 Hispo
1458 1992 1566 2035 Vect.

277 2123 294 2141 ‘¹
327 2117 396 2156 Hc
421 2118 455 2157 is
479 2117 669 2168 perhaps
693 2117 893 2170 alluding
916 2122 960 2158 io
985 2117 1160 2165 Cacsar,
1185 2121 1284 2159 who
1308 2119 1395 2159 had
1419 2119 1583 2161 offered
1608 2121 1699 2162 him

220 2187 248 2213 a
269 2172 426 2223 Ιρςμιίίυ
447 2172 490 2210 in
513 2171 578 2210 his
599 2184 740 2221 army.

282 2227 298 2249 ¹⁷
330 2224 493 2265 Consul
513 2224 741 2272 designate
762 2225 830 2264 for
851 2228 903 2265 57
928 2239 951 2265 n
970 2239 1006 2265 c.
1068 2225 1149 2266 See
1171 2227 1196 2266 i.
1226 2230 1260 2266 l.
1288 2230 1322 2266 1.

283 2284 298 2303 ⁶
330 2279 610 2329 Quaestorof
625 2278 903 2319 Macedonia.
944 2279 1095 2320 Cicero
1109 2280 1700 2332 neversorgothiskindness

222 2332 311 2374 and
326 2332 609 2384 successfully
626 2332 843 2373 defended
861 2333 952 2373 him
968 2333 1093 2374 when
1109 2334 1295 2374 accused
1311 2335 1558 2375 ofambitus
1571 2337 1614 2376 in
1629 2340 1698 2377 54.

280 2386 300 2410 ‘¹
332 2387 382 2427 L.
415 2386 530 2428 Piso.
556 2386 701 2426 father
727 2388 779 2426 of
801 2386 1000 2428 Caesar's
1028 2388 1127 2428 wife
1154 2387 1408 2440 Calpurnia,
1436 2390 1588 2430 consul
1614 2390 1700 2431 this

225 2454 344 2491 year,
374 2440 519 2480 would
550 2439 605 2480 be.
634 2442 813 2492 coming
841 2445 886 2481 io
921 2441 1187 2482 Macedonia
1214 2454 1263 2482 as
1292 2443 1526 2494 proconsul
1557 2445 1601 2484 in
1630 2447 1699 2486 57.

227 2495 295 2536 lle
316 2508 404 2535 was
425 2508 508 2535 one
528 2495 578 2534 of
595 2493 783 2535 Cicero's
804 2495 1001 2535 bitterest
1019 2497 1223 2536 enemies.

281 2553 296 2573 ⁰
328 2547 377 2590 C.
412 2548 527 2596 Piso,
561 2548 658 2589 who
690 2548 879 2590 married
912 2549 1102 2591 Cicero's
1132 2549 1352 2603 daughter
1381 2550 1526 2592 Tullia
1555 2553 1601 2592 in
1631 2555 1700 2594 63.

233 2618 322 2659 182
