1868 3040
891 197 1143 244 CICERO

972 366 1065 413 XV

562 499 617 533 M.
653 501 698 533 Τ.
735 502 775 532 c.
812 501 848 532 s.
886 501 929 531 P.
969 501 1014 531 D.
1052 501 1091 531 c.
1129 501 1330 531 CAESARI
1367 500 1474 532 IMP-

784 603 988 649 Asturae,
1010 617 1140 643 Α.υ.ς.
1164 605 1259 643 709.

229 713 248 755 1
341 708 635 755 Praecilinm
682 709 774 754 tibi
821 708 1120 754 commendo
1167 711 1329 763 unice,
1375 710 1451 754 tui
1497 706 1762 759 necessari,

276 780 373 821 mei
419 775 804 830 familiarissimi,
849 779 935 820 viri
981 778 1156 837 optimi
1202 775 1354 820 filium
1381 789 1392 829 ;
1454 790 1605 836 quem
1649 789 1761 819 eum

277 843 650 889 adolescentem
669 846 830 904 ipsum
850 849 1057 903 propter
1076 846 1180 887 eius
1199 842 1517 895 modestiam,
1535 839 1763 886 humani-

276 916 457 964 tatem,
481 912 704 955 animum
729 917 783 955 et
807 926 1030 955 amorem
1054 925 1173 971 erga
1198 925 1279 954 me
1303 907 1607 970 singularem
1631 908 1763 951 miri-

277 976 367 1022 fice
385 976 555 1039 diligo,
571 983 680 1022 tum
698 984 894 1038 patrem
915 979 1018 1022 eius
1035 992 1088 1021 re
1106 976 1282 1022 doctus
1298 975 1525 1021 intellexi
1543 980 1595 1020 et
1614 973 1762 1019 didici

276 1042 397 1089 mihi
437 1042 590 1089 fuisse
631 1060 830 1105 semper
871 1046 1239 1089 amicissimum.
1308 1041 1404 1096 En,
1444 1040 1523 1087 hic
1562 1039 1644 1086 ille
1686 1046 1764 1085 est

277 1109 362 1173 [de
395 1110 537 1174 illis]1
571 1114 791 1156 maxime
828 1114 912 1172 qui
945 1110 1151 1157 irridere
1186 1117 1341 1171 atque
1383 1109 1648 1170 obiurgare
1679 1122 1762 1151 me

275 1177 450 1224 solitus
478 1184 572 1232 est,
599 1178 735 1240 quod
761 1194 843 1224 me
870 1194 970 1223 non
996 1184 1184 1231 tecum,
1210 1179 1508 1238 praesertim
1534 1190 1648 1221 cum
1674 1173 1763 1220 abs

276 1251 330 1290 te
353 1243 852 1291 honorificentissime
875 1248 1131 1299 invitarer,
1155 1247 1528 1306 coniungerem.

504 1330 614 1370 Ἀλλ’
638 1333 728 1379 ἐμὸν
753 1334 797 1370 οὔ
818 1347 915 1370 ποτε
938 1334 1060 1378 θυμὸν
1081 1334 1135 1369 ε’νὶ
1158 1333 1375 1378 στήθεσσιν
1396 1331 1568 1370 ἔπειθεν.

277 1415 563 1463 Audiebam
590 1420 723 1463 enim
748 1424 942 1463 nostros
966 1433 1196 1479 proceres
1219 1415 1557 1470 clamitantes,

506 1516 669 1560 ἄλκιμος
691 1513 787 1562 ἕσσ’,
814 1517 876 1553 ἵνα
898 1516 954 1555 τίς
975 1529 1021 1553 σε
1043 1516 1106 1552 καὶ
1131 1515 1328 1564 ὀψιγόνων
1351 1515 1392 1550 εὖ
1413 1515 1517 1561 εἴπῃ.

507 1571 556 1608 ὡς
577 1571 694 1617 φάτο,
720 1570 787 1608 τὸν
811 1567 841 1607 δ’
866 1570 982 1618 ἄχεος
1005 1570 1152 1617 νεφέλη
1175 1570 1349 1617 ἐκάλυψε
1371 1569 1555 1613 μέλαινα.

228 1659 252 1697 2
276 1652 377 1699 Sed
405 1659 578 1699 tamen
605 1653 759 1700 iidem
788 1670 869 1700 ine
898 1653 1218 1700 consolantur
1241 1667 1251 1707 ;
1299 1659 1353 1698 et
1380 1655 1479 1698 iam
1508 1649 1763 1697 hominem

276 1727 538 1781 perustum
572 1723 709 1766 inani
742 1720 902 1784 gloria
936 1721 1111 1767 volunt
1143 1719 1449 1774 incendere3
1500 1724 1658 1781 atque
1690 1719 1765 1764 ita

276 1786 551 1850 loquuntur
572 1803 583 1834 :

507 1877 562 1922 μὴ
581 1877 658 1920 μὰν
682 1876 852 1913 ἀσπουδί
874 1889 921 1923 Ὑε
943 1877 1007 1912 καὶ
1029 1876 1193 1913 ἀκλειῶς
1215 1875 1452 1920 ἀπολοίμην,

511 1930 617 1967 ἀλλὰ
637 1930 744 1978 με’·γα
764 1930 875 1979 ῥέξας
896 1945 932 1966 τι
955 1931 1019 1967 καὶ
1039 1930 1289 1974 ἐσσομένοισι
1312 1929 1519 1966 πυθέσθαι.

506 2011 522 2036 ¹
552 2013 594 2052 A
620 2012 821 2065 doubtful
844 2013 1070 2059 insertion,
1093 2013 1271 2052 omitted
1293 2012 1340 2051 in
1364 2011 1419 2051 H.
1444 2010 1543 2050 Pal.

342 2124 360 2142 ‘¹
390 2118 495 2158 This
517 2117 641 2158 letter
663 2133 752 2158 was
775 2120 945 2159 written
969 2119 1120 2159 within
1144 2122 1230 2159 two
1254 2117 1430 2157 months·
1451 2117 1564 2157 after
1584 2114 1767 2156 Tullia's

282 2171 431 2218 death,
449 2172 538 2212 and
557 2173 724 2224 Tyrrell
743 2173 830 2212 and
853 2173 1010 2213 I'nrser
1027 2171 1202 2213 remark
1222 2172 1319 2212 that
1337 2172 1362 2187 ‘⁶
1383 2173 1416 2212 it
1433 2170 1513 2211 has
1530 2183 1557 2210 a
1573 2167 1765 2210 strained

282 2226 370 2266 and
394 2226 632 2266 unnatural
651 2231 753 2267 tone
774 2228 825 2266 of
839 2226 1036 2278 gaiety.''

345 2280 360 2303 ⁶
392 2280 525 2320 Hom.
551 2280 632 2320 Od.
654 2282 726 2321 vii.
748 2284 846 2321 5258.

345 2340 358 2357 ⁶
393 2334 452 2373 lb.
476 2336 502 2374 i.
525 2337 622 2374 302.

343 2387 360 2410 ‘¹
391 2387 453 2427 ΙΙ).
482 2390 595 2428 xxiv.
624 2391 722 2428 315.
780 2387 873 2427 The
901 2387 1133 2427 chieftains
1161 2386 1278 2428 cried
1306 2384 1440 2427 aloud
1468 2388 1514 2425 to
1543 2384 1696 2425 Cicero
1720 2387 1766 2425 to

284 2439 338 2480 be
365 2440 513 2488 brave,
541 2441 622 2481 but
648 2455 675 2481 a
699 2440 829 2481 cloud
865 2443 915 2481 of
938 2456 1028 2481 woe
1055 2440 1296 2494 enveloped
1323 2439 1541 2481 him—his
1577 2451 1767 2480 remorse

284 2495 352 2534 for
374 2495 537 2546 having
557 2509 657 2536 ever
675 2495 872 2547 opposed
892 2495 1068 2538 Caesar.

343 2555 356 2573 ²
389 2549 521 2590 Hom.
547 2549 601 2590 Il.
623 2551 724 2590 xxii.
745 2553 890 2590 304-5.

288 2619 348 2659 52
