1837 3029
830 181 1080 229 CICERO

211 307 406 370 tibique
438 310 850 356 conservandum.
918 309 1049 355 Cura
1080 317 1133 356 te
1166 312 1321 355 etiam
1353 316 1509 371 atque
1539 310 1694 355 etiam

163 410 188 448 2
212 404 496 468 diligenter.
548 406 686 454 Vale.
738 406 932 470 Scripta
949 411 1047 453 iam
1066 406 1299 470 epistula,
1315 406 1525 453 Hermia
1540 408 1693 452 venit.

212 503 400 566 Accepi
431 511 572 551 tuam
606 505 892 567 epistulam,
923 505 1270 552 vacillantibus
1299 503 1570 560 litterulis;
1601 519 1694 551 nee

211 604 409 656 mirum,
428 609 535 648 tam
556 606 695 665 gravi
717 604 906 650 morbo.
962 604 1071 666 Ego
1093 604 1157 650 ad
1177 610 1231 649 te
1253 603 1546 666 Aegyptam
1565 604 1694 656 misi,

212 699 345 760 quod
370 715 461 745 nec
482 698 783 747 inhumanus
807 708 884 748 est
907 709 960 748 et
982 708 1034 747 te
1057 705 1188 747 visus
1211 708 1288 747 est
1310 699 1429 746 mihi
1452 699 1660 763 diligere
1681 714 1693 754 ;

212 803 268 841 ut
295 799 335 841 is
362 803 532 843 tecum
562 805 695 844 esset
719 814 731 854 3
777 806 831 846 et
857 815 971 846 eum
1000 815 1060 845 eo
1088 815 1322 862 coquum,
1349 815 1449 862 quo
1474 805 1692 845 uterere.

212 892 352 944 Vale.

889 1146 1010 1194 XVI

482 1295 528 1334 Q.
564 1296 605 1328 e.
641 1296 678 1328 s.
715 1297 760 1328 P.
796 1297 844 1329 D.
880 1297 935 1328 M.
971 1297 1201 1327 mcunom
1234 1295 1420 1327 FRA'rm

567 1414 619 1454 In
642 1414 785 1454 Gallia
803 1415 873 1465 (Ρ),
894 1428 1026 1456 A.U.c.
1049 1417 1131 1455 700
1153 1413 1219 1455 vel
1241 1417 1337 1455 701.

160 1550 180 1590 1
272 1544 352 1591 De
379 1545 579 1602 Tirone,
604 1549 672 1592 mi
705 1546 896 1602 Marce,
920 1549 993 1593 ita
1018 1553 1069 1593 te
1099 1561 1372 1609 meumque
1397 1544 1689 1592 Ciceronem

208 1651 260 1690 et
289 1660 454 1690 meam
484 1644 746 1691 Tulliolam
775 1653 1023 1708 tuumque
1054 1644 1209 1691 filium
1239 1645 1455 1699 videam,
1483 1650 1541 1690 ut
1568 1642 1689 1689 mihi

204 1745 544 1804 gratissimum
571 1742 752 1799 fecisti,
777 1759 890 1789 cum
918 1760 1051 1797 eum,
1076 1743 1337 1806 indignum
1363 1741 1447 1788 illa
1469 1740 1689 1797 fortuna,

206 1840 348 1886 nobis
390 1843 605 1886 amicum
664 1857 814 1903 quam
857 1857 1056 1887 servum
1098 1857 1207 1887 esse
1247 1840 1484 1887 maluisti.
1560 1838 1688 1886 Mihi

205 1938 372 1993 crede,
404 1941 504 1984 tuis
537 1946 590 1984 et
621 1938 749 1985 illius
780 1938 963 1985 litteris
994 1938 1246 2001 perlectis,
1279 1937 1455 1984 exsilui
1485 1938 1686 2001 gaudio.

156 2041 181 2080 2
205 2035 315 2081 Tibi
345 2042 399 2082 et
431 2052 526 2099 ago
554 2040 743 2100 gratias
773 2043 826 2083 et
856 2036 1097 2100 gratulor.
1159 2035 1210 2082 Si
1239 2039 1373 2082 enim
1404 2033 1525 2082 mihi
1557 2034 1687 2082 Stati

210 2132 425 2179 fidelitas
473 2141 551 2179 est
598 2141 774 2180 tantae
822 2134 1088 2196 voluptati,
1127 2137 1305 2197 quanti
1345 2149 1454 2180 esse
1494 2137 1546 2180 in
1590 2137 1687 2180 isto

205 2230 329 2276 haec
352 2232 530 2278 eadem
552 2233 685 2278 bona
706 2232 914 2289 debent,
937 2233 1120 2279 additis
1140 2232 1340 2288 litteris,
1359 2233 1688 2288 sermonibus,

206 2328 542 2385 humanitate,
577 2347 708 2392 quae
742 2337 860 2377 sunt
892 2329 968 2377 his
1001 2334 1119 2393 ipsis
1153 2331 1426 2377 commodis
1459 2330 1684 2392 potiora!

203 2428 334 2474 Amo
358 2435 409 2474 te
434 2429 664 2474 omnibus
693 2429 929 2491 equidem
952 2432 1183 2474 maximis
1215 2429 1278 2475 de
1313 2432 1491 2483 causis,
1513 2444 1684 2474 verum

203 2530 358 2572 etiam
391 2534 598 2588 propter
629 2526 775 2582 hanc,
808 2526 886 2573 vel
920 2528 1055 2590 quod
1088 2526 1207 2573 mihi
1241 2530 1327 2582 sic,
1360 2534 1418 2573 ut
1449 2527 1687 2582 debuisti,

210 2608 302 2648 352
