1868 3040
905 208 1157 257 CICERO

285 356 438 402 opere
453 338 769 393 commendo,
785 344 844 384 ut
861 345 914 384 et
930 337 1182 399 hospitem
1198 354 1369 384 meum
1388 345 1442 386 et
1456 337 1777 397 familiarem,

289 428 342 467 et
372 427 575 483 gratum
607 418 880 473 hominem,
911 425 964 464 et
994 422 1152 464 virum
1182 419 1388 474 bonum,
1419 426 1473 466 et
1500 423 1777 482 principem

287 504 502 548 civitatis
519 516 657 554 suae,
678 506 730 545 et
751 506 839 545 tua
859 499 1229 545 necessitudine
1248 499 1610 562 dignissimum.
1662 500 1779 547 Per-

287 589 489 644 gratum
509 579 628 625 mihi
647 579 842 635 feceris,
860 583 899 624 si
921 579 1118 625 dederis
1138 596 1362 641 operam,
1381 586 1438 626 ut
1455 583 1494 625 is
1513 581 1780 644 intellegat

289 661 417 708 hanc
470 677 636 707 meam
691 660 1184 706 commendationem
1240 676 1481 723 magnum
1536 661 1671 724 apud
1726 669 1779 709 te

291 742 486 804 pondus
511 740 761 788 habuisse.

951 918 1123 966 XXVI

810 1064 984 1095 CICERO
1019 1063 1192 1095 smvm
1226 1063 1264 1096 s.

809 1176 995 1226 Romae,
1016 1190 1150 1219 A.u.c.
1171 1179 1269 1219 708.

244 1305 264 1346 1
355 1296 412 1344 L.
445 1295 719 1342 Mescinius
754 1311 813 1340 ea
846 1310 1044 1340 mecum
1079 1294 1453 1340 necessitudine
1485 1296 1780 1342 coniunctus

292 1385 386 1432 est,
406 1377 540 1439 quod
560 1375 678 1421 mihi
700 1382 938 1437 quaestor
957 1373 1066 1420 fuit.
1122 1372 1220 1420 Sed
1241 1373 1369 1420 hanc
1389 1390 1609 1430 causam,
1629 1390 1781 1437 quam

291 1475 404 1521 ego,
446 1465 503 1503 ut
544 1474 574 1502 a
614 1456 882 1501 maioribus
925 1458 1111 1516 accepi,
1153 1470 1354 1516 semper
1394 1471 1600 1517 gravem
1643 1455 1788 1511 duxi,⁴

292 1539 413 1584 fecit
433 1541 619 1584 virtute
649 1544 701 1582 et
728 1535 1047 1582 humanitate
1068 1551 1158 1581 sua
1177 1538 1452 1581 iustiorem.
1506 1535 1698 1598 :Itaque
1723 1552 1785 1582 eo

291 1623 359 1665 sic
400 1626 530 1671 utor,
572 1624 628 1663 ut
668 1633 761 1662 nec
800 1614 1090 1661 familiarius
1132 1615 1231 1661 ullo
1271 1631 1365 1661 nec
1404 1615 1658 1680 libentius.
1735 1615 1784 1662 Is

293 1715 601 1763 quamquam
635 1697 887 1743 confidere
922 1697 1204 1751 videbatur,
1239 1703 1293 1742 te
1327 1712 1418 1742 sua
1450 1712 1617 1752 causa,
1652 1712 1784 1760 quae

293 1780 506 1826 honeste
555 1794 744 1841 posses,
793 1777 1011 1822 libenter
1062 1793 1170 1823 esse
1221 1775 1491 1833 facturum,
1540 1793 1782 1840 magnum

296 1877 404 1907 esse
442 1867 616 1906 tamen
653 1861 873 1920 speravit
912 1857 1046 1919 apud
1083 1864 1136 1903 te
1174 1873 1312 1903 meas
1351 1873 1553 1920 quoque
1590 1856 1786 1904 litteras

294 1941 490 2004 pondus
525 1939 799 1985 habituras
871 1938 930 1984 Id
966 1954 1079 1983 cum
1116 1941 1222 1999 ipse
1259 1941 1331 1983 ita
1366 1938 1640 1993 iudicabat,
1676 1945 1785 1984 tum

293 2038 383 2085 pro
417 2020 649 2067 familiari
693 2018 1058 2064 consuetudine
1102 2034 1255 2080 saepe
1303 2033 1366 2064 ex
1411 2034 1493 2064 me
1539 2018 1787 2075 audierat,

295 2118 447 2164 quam
486 2104 649 2146 suavis
690 2106 823 2145 esset
862 2103 994 2145 inter
1033 2115 1121 2145 nos
1163 2106 1216 2145 et
1255 2105 1447 2161 quanta
1485 2102 1784 2146 coniunctio.

246 2191 270 2229 2
296 2182 422 2228 Peto
439 2184 594 2244 igitur
612 2197 641 2226 a
659 2187 729 2235 te,
748 2187 893 2226 tanto
911 2179 1099 2225 scilicet
1117 2179 1302 2234 studio,
1322 2185 1513 2241 quanto
1531 2179 1786 2243 intellegis

295 2263 483 2309 debere
507 2277 589 2307 me
613 2268 790 2322 petere
814 2277 903 2322 pro
928 2259 1129 2305 homine
1153 2266 1260 2306 tam
1284 2257 1405 2305 mihi
1430 2263 1710 2306 necessario
1734 2268 1788 2308 et

294 2351 401 2391 tam
432 2341 679 2395 familiari,
711 2348 767 2386 ut
798 2344 903 2386 eius
934 2343 1157 2403 negotia,
1188 2356 1318 2403 quae
1348 2346 1468 2386 sunt
1496 2343 1547 2386 in
1577 2339 1786 2396 Achaia,

299 2555 333 2596 C
354 2506 375 2595 i·
407 2500 458 2541 L.
509 2500 748 2540 Mescinius
795 2499 954 2546 Rufus,
999 2511 1082 2539 one
1135 2499 1186 2538 of
1234 2497 1425 2539 Cicero's
1469 2502 1698 2551 quaestors
1742 2501 1786 2540 in

338 2568 466 2596 licia.

297 2626 357 2670 78
