1837 3029
891 147 1143 195 CICERO

270 294 324 325 se
341 282 393 325 in
411 294 465 325 re
482 277 685 341 publica
702 293 848 339 posse
866 277 1108 339 postulat,
1127 284 1376 340 quantum
1393 274 1552 324 habet
1569 279 1766 332 virium3

270 389 371 419 non
393 375 540 428 ratio,
564 388 664 418 non
688 371 883 427 modus,
908 387 1008 417 non
1032 371 1132 427 lex,
1155 388 1256 418 non
1279 387 1404 426 mos,
1428 387 1528 417 non
1550 371 1764 418 officium

270 469 422 525 valet,
469 485 569 515 non
614 468 871 523 iudicium,
918 483 1019 514 non
1065 471 1373 514 existimatio
1419 470 1620 524 civium,
1663 483 1766 514 non

218 573 244 610 4
270 568 581 628 posteritatis
616 564 932 611 verecundia.
1004 563 1146 610 Haec
1180 580 1274 628 ego
1307 563 1468 610 multo
1501 570 1622 611 ante
1652 580 1767 628 pro-

270 663 482 722 spiciens
512 658 773 722 fugiebam
803 675 865 705 ex
897 658 1045 705 Italia
1074 665 1202 714 tum,
1230 675 1345 705 cum
1373 675 1456 705 me
1485 665 1764 705 vestrorum

270 754 550 800 edictorum
594 753 731 799 fama
774 757 1059 808 revocavit3
1103 756 1373 799 incitavisti
1416 769 1533 800 vero
1571 760 1630 800 tu
1665 769 1766 808 me,

269 848 444 903 Brute,
465 847 654 895 Veliae.
716 846 1040 911 Quamquam
1062 851 1196 894 enirn
1216 847 1451 894 dolebam
1474 851 1525 894 in
1545 864 1658 894 eam
1682 863 1764 894 me

269 944 446 989 urbem
486 946 575 998 ire,
616 959 768 1006 quam
807 949 865 988 tu
904 942 1125 1006 fugeres,
1156 946 1242 1005 qui
1281 959 1394 989 eam
1434 943 1765 998 liberavisses‚

268 1037 404 1101 quod
429 1036 551 1083 mihi
571 1054 772 1100 quoque
800 1037 1054 1099 quondam
1081 1037 1333 1083 acciderat
1356 1037 1576 1100 periculo
1601 1036 1765 1092 simili,

269 1151 388 1180 casu
412 1137 650 1189 tristiore,
676 1137 876 1196 perrexi
902 1141 1076 1180 tamen
1094 1133 1409 1196 Romamque
1426 1137 1633 1196 perveni
1658 1133 1765 1180 nul-

268 1228 418 1291 loque
452 1228 701 1291 praesidio
737 1227 992 1291 quatefeci
1030 1229 1310 1274 Antonium
1343 1235 1621 1291 contraque
1659 1231 1764 1275 eius

269 1342 409 1372 arma
442 1324 663 1371 nefanda
696 1325 963 1387 praesidia,
999 1341 1130 1387 quae
1166 1324 1336 1371 oblata
1368 1329 1487 1371 sunt
1521 1324 1765 1381 Caesaris,

267 1422 471 1468 consilio
509 1429 563 1468 et
600 1425 905 1468 auctoritate
944 1422 1166 1468 firmavi:
1226 1424 1311 1484 qui
1348 1424 1388 1468 si
1425 1425 1629 1468 steterit
1667 1421 1765 1468 fide

268 1518 492 1582 mihique
530 1521 773 1581 paruerit,
811 1521 931 1564 satis
971 1518 1199 1564 videmur
1236 1517 1457 1564 habituri
1494 1517 1765 1581 praesidii;

267 1617 343 1660 sin
386 1620 561 1660 autem
604 1616 873 1675 impiorum
916 1613 1120 1659 consilia
1164 1612 1274 1675 plus
1319 1612 1567 1659 valuerint
1612 1629 1764 1676 quarn

269 1718 440 1757 nostra
473 1717 561 1756 aut
593 1709 910 1756 imbecillitas
944 1712 1126 1756 aetatis
1160 1726 1260 1756 non
1292 1711 1516 1771 potuerit
1548 1712 1766 1773 gravita-

268 1812 375 1851 tem
405 1821 574 1851 rerum
610 1807 877 1860 sustinere,
907 1821 1022 1866 spes
1059 1807 1218 1850 omnis
1258 1810 1336 1851 est
1371 1807 1423 1850 in
1458 1810 1528 1851 te.
1598 1802 1764 1861 Quam

267 1901 332 1946 ob
368 1915 476 1946 rem
513 1899 708 1955 advola,
746 1900 969 1954 obsecro,
1007 1906 1162 1962 atque
1200 1915 1313 1944 eam
1349 1914 1457 1945 rem
1493 1898 1764 1961 publicam,

269 2014 422 2060 quam
453 2000 640 2043 virtute
671 2003 826 2059 atque
858 1999 1010 2042 animi
1040 1995 1392 2059 magnitudine
1421 1997 1581 2058 magis
1612 2011 1764 2058 quarn

269 2095 463 2138 eventis
504 2107 672 2137 rerum
706 2091 998 2146 liberavisti,
1033 2093 1175 2136 exitu
1215 2090 1407 2137 libera:
1460 2093 1620 2137 omnis
1660 2106 1764 2137 om-

218 2195 243 2232 5
269 2189 406 2232 nium
429 2203 695 2232 concursus
717 2185 782 2232 ad
806 2192 859 2231 te
886 2184 1084 2232 futurus
1112 2191 1205 2231 est.
1269 2184 1487 2231 Hortare
1512 2183 1649 2231 idem
1673 2200 1765 2248 per

269 2284 463 2329 litteras
507 2282 765 2328 Cassium:
826 2298 940 2343 spes
989 2282 1237 2328 libertatis
1281 2297 1530 2343 nusquam
1572 2283 1664 2327 nisi
1711 2284 1763 2328 in

272 2387 549 2426 vestrorum
588 2386 865 2424 castrorum
897 2381 1148 2440 principiis
1181 2385 1273 2424 est.
1338 2377 1526 2423 Firmos
1561 2381 1762 2437 omnino

267 2485 322 2523 et
361 2476 513 2523 duces
550 2475 795 2521 habemus
833 2476 897 2521 ab
935 2474 1198 2521 occidente
1234 2481 1289 2521 et
1325 2476 1610 2528 exercitus;
1668 2472 1763 2523 hoc

266 2590 359 2632 686
