1868 3040
850 206 1102 254 CICERO

232 339 345 403 lege
389 342 583 402 agraria
626 338 970 399 comprobavit
1013 353 1291 398 agrumque
1335 335 1716 382 Volaterranum

233 437 287 476 et
325 430 563 491 oppidum
606 431 739 475 omni
780 427 999 490 periculo
1039 431 1089 473 in
1129 434 1431 489 perpetuum
1471 426 1719 479 liberavit,

233 527 290 567 ut
327 520 444 565 mihi
485 520 693 566 dubium
731 536 830 566 non
867 522 948 574 sit,
987 521 1107 581 quin
1143 521 1201 573 is,
1238 521 1323 580 qui
1361 533 1512 564 novas
1550 533 1719 563 neces-

232 611 476 657 situdines
517 609 776 673 adiungat,
816 615 989 655 vetera
1028 625 1119 655 sua
1156 607 1401 655 beneficia
1440 609 1719 654 conservari

232 700 367 747 velit.
437 700 778 759 Quamobrem
822 706 901 746 est
941 705 1062 746 tuae
1103 699 1405 760 prudentiae
1448 704 1537 743 aut
1578 699 1720 759 sequi

233 794 339 837 eius
392 793 766 844 auctoritatem,
817 792 954 836 cuius
1006 796 1197 835 sectam
1250 795 1404 851 atque
1454 790 1720 850 imperium

233 898 429 928 summa
462 897 575 928 cum
609 887 700 927 tua
733 880 984 945 dignitate
1019 886 1220 926 secutus
1255 895 1326 935 es,
1360 885 1450 925 aut
1482 885 1620 925 certe
1652 877 1720 924 illi

233 975 484 1035 integram
544 988 747 1019 omnem
807 987 1010 1018 causam
1070 986 1342 1017 reservare.
1412 969 1543 1016 Illud
1603 984 1721 1015 vero

235 1062 469 1110 dubitare
506 1078 606 1109 non
643 1062 817 1117 debes,
855 1064 975 1124 quin
1013 1068 1119 1108 tam
1155 1077 1327 1124 grave,
1363 1067 1469 1107 tam
1508 1059 1723 1114 firmum,

235 1160 341 1200 tam
368 1152 638 1200 honestum
666 1155 992 1215 municipium
1019 1153 1112 1199 tibi
1140 1159 1229 1199 tuo
1256 1168 1452 1198 summo
1478 1150 1724 1198 beneficio

185 1253 210 1294 3
233 1247 284 1291 in
316 1251 621 1307 perpetuum
654 1243 865 1307 obligari
898 1243 1034 1290 velis.
1102 1242 1203 1290 Sed
1234 1241 1377 1298 haec,
1411 1258 1542 1305 quae
1574 1257 1725 1304 supra

234 1338 421 1398 scripta
452 1342 587 1391 sunt,
621 1352 681 1382 eo
713 1341 965 1398 spectant,
999 1341 1056 1381 ut
1088 1341 1142 1381 te
1174 1333 1347 1381 horter
1379 1340 1433 1380 et
1464 1333 1721 1380 suadeam.

236 1425 450 1489 Reliqua
482 1432 617 1481 sunt,
650 1442 781 1488 quae
814 1429 1075 1487 pertinent
1108 1425 1172 1472 ad
1204 1424 1502 1487 rogandum,
1536 1430 1593 1470 ut
1623 1439 1723 1470 non

235 1516 395 1563 solum
430 1523 519 1563 tua
555 1533 705 1562 causa
739 1516 830 1562 tibi
866 1515 1124 1562 consilium
1160 1531 1242 1561 me
1278 1515 1398 1561 dare
1433 1521 1601 1577 putes,
1634 1513 1724 1560 sed

237 1610 410 1663 etiam,
437 1607 572 1670 quod
597 1605 719 1652 mihi
745 1623 868 1668 opus
895 1609 977 1661 sit,
1003 1622 1084 1652 me
1113 1623 1141 1651 a
1167 1613 1219 1652 te
1246 1612 1423 1668 petere
1451 1611 1505 1652 et
1529 1620 1722 1668 rogare.

236 1697 589 1744 Gratissimum
645 1699 801 1760 igitur
851 1695 972 1742 mihi
1029 1695 1222 1751 feceris,
1275 1698 1316 1742 si
1373 1695 1725 1742 Volaterranos

237 1787 468 1833 omnibus
501 1787 651 1833 rebus
684 1789 908 1849 integros
941 1786 1318 1848 incolumesque
1353 1801 1462 1832 esse
1497 1785 1723 1832 volueris.

238 1876 425 1924 Eorum
462 1893 557 1940 ego
592 1877 858 1931 domicilia,
892 1877 1056 1931 sedes,
1091 1893 1215 1931 rem,
1250 1875 1495 1931 fortunas,
1531 1892 1660 1938 quae
1696 1892 1726 1921 a

238 1965 314 2013 dis
367 1966 732 2013 immortalibus
780 1973 835 2013 et
893 1983 923 2012 a
968 1969 1410 2029 praestantissimis
1458 1969 1508 2011 in
1556 1972 1726 2011 nostra

238 2057 494 2119 republica
522 2057 728 2111 civibus,
756 2073 951 2103 summo
979 2063 1184 2103 senatus
1213 2056 1485 2118 populique
1516 2055 1725 2101 Romani

238 2147 422 2202 studio,
441 2154 766 2193 conservatae
792 2154 927 2202 sunt,
947 2153 1065 2193 tuae
1089 2147 1221 2202 fidei,
1240 2149 1463 2192 iustitiae
1489 2146 1725 2192 bonitati-

175 2247 201 2285 4
226 2254 324 2300 que
349 2237 662 2284 commendo.
730 2236 781 2283 Si
805 2253 895 2299 pro
920 2240 1044 2283 meis
1069 2240 1289 2299 pristinis
1315 2237 1492 2299 opibus
1515 2235 1725 2282 faculta-

241 2334 347 2373 tem
383 2326 504 2373 mihi
540 2344 618 2373 res
655 2326 748 2373 hoc
784 2334 1014 2389 tempore
1051 2327 1214 2383 daret,
1250 2333 1308 2373 ut
1342 2330 1415 2373 ita
1449 2325 1725 2373 defendere

240 2433 439 2479 possem
470 2417 841 2473 Volaterranos,
872 2417 1300 2480 quemadmodum
1331 2420 1565 2464 consuevi
1594 2419 1725 2463 tueri

240 2523 397 2564 meos,
425 2507 616 2554 nullum
644 2508 876 2564 officium,
904 2507 1096 2559 nullum
1125 2508 1344 2570 denique
1372 2513 1649 2563 certamen,
1672 2509 1723 2553 in

254 2629 311 2670 18
