1837 3029
879 159 1131 206 CICERO

792 287 919 335 v111
956 287 1017 351 (Ι.
1055 293 1082 335 3
1117 288 1140 348 g
1176 287 1226 350 4)

650 433 706 465 Μ.
742 433 916 464 CICERO
951 432 988 464 S.
1026 433 1073 463 D.
1111 432 1165 462 Μ.
1204 431 1366 463 BRUTO

792 525 974 569 Romae.
997 537 1128 565 A.u.c.
1153 526 1229 564 711

210 634 239 672 4
328 623 569 671 Consules
594 622 736 675 duos,
761 622 916 668 bonos
943 621 1166 683 quidem,
1191 620 1280 667 sed
1306 619 1576 668 dumtaxat
1598 620 1755 684 bonos

264 702 509 755 consules,
540 704 825 747 amisimus:
868 699 1060 745 Hirtius
1092 698 1297 761 quidem
1329 701 1382 744 in
1414 702 1521 761 ipsa
1551 701 1756 745 victoria

265 780 464 835 occidit,
493 796 607 825 cum
635 781 805 840 paucis
835 777 1011 823 diebus
1041 784 1160 823 ante
1189 792 1374 839 magno
1401 776 1590 839 proelio
1619 779 1757 823 vicis-

265 865 381 913 set3
434 873 553 903 nam
591 855 753 902 Pansa
789 855 992 918 fugerat
1029 855 1315 901 vulneribus
1353 857 1590 917 acceptis,
1627 870 1757 917 quae

266 935 398 982 ferre
417 951 516 981 non
535 937 717 997 potuit.
788 932 1042 995 Reliquias
1060 931 1282 978 hostium
1301 931 1484 979 Brutus
1503 934 1760 995 persequi-

268 1021 351 1060 tur
391 1019 446 1060 et
487 1012 707 1067 Caesar3
766 1010 936 1058 hostes
978 1018 1152 1057 autem
1193 1026 1368 1056 omnes
1408 1010 1633 1066 iudicati,
1675 1013 1760 1073 qui

271 1091 345 1138 M.
383 1092 574 1138 Antoni
608 1097 800 1136 sectam
835 1092 995 1135 secuti
1034 1095 1169 1144 sunt,
1204 1088 1357 1150 idque
1399 1095 1604 1135 senatus
1647 1105 1762 1135 con-

269 1169 458 1216 sultum
497 1168 725 1231 plerique
764 1171 1166 1229 interpretantur
1206 1170 1362 1212 etiam
1401 1166 1466 1212 ad
1505 1172 1618 1214 tuos
1644 1170 1762 1213 'sive

270 1250 493 1310 captivos
537 1249 640 1293 sive
685 1245 947 1292 dediticios
997 1248 1266 1307 pertinere.
1346 1244 1599 1307 Equidem
1642 1243 1762 1291 nihil

273 1325 482 1372 disserui
524 1324 711 1378 durius,
751 1340 863 1369 cum
898 1326 1196 1369 nominatim
1233 1322 1296 1369 de
1331 1322 1385 1369 C.
1422 1324 1643 1370 Antonio
1677 1322 1763 1370 de-

271 1418 548 1457 cernerem,
566 1402 699 1464 quod
720 1405 791 1447 ita
808 1408 1105 1456 statueram,
1126 1417 1155 1447 a
1170 1407 1222 1447 te
1242 1416 1542 1464 cognoscere
1561 1417 1764 1449 causam

275 1484 379 1527 eius
405 1487 638 1526 senatum
664 1487 912 1543 oportere.
983 1496 1027 1527 v.
1058 1479 1167 1525 Kal.
1199 1478 1377 1526 Maias.

895 1722 967 1769 lx
1003 1722 1064 1786 (1.
1102 1722 1152 1787 5)

663 1867 720 1900 M.
756 1868 929 1898 CICERO
965 1867 1001 1898 S.
1039 1867 1086 1898 D.
1123 1867 1178 1898 M.
1216 1866 1379 1898 BRUTO

807 1960 989 2007 Romae,
1013 1973 1144 2000 A.U.c.
1169 1962 1245 2000 711

232 2065 254 2109 1
348 2059 408 2105 A.
441 2059 488 2105 d.
520 2075 563 2104 v.
597 2058 657 2104 K.
690 2058 869 2111 Maias,
896 2073 1009 2102 cum
1039 2056 1102 2102 de
1138 2059 1213 2111 iis,
1244 2059 1328 2118 qui
1366 2055 1535 2103 hostes
1564 2056 1771 2104 iudicati

280 2144 414 2190 sunt,
443 2136 574 2183 bello
604 2135 964 2198 persequendis
993 2137 1281 2180 sententiae
1310 2133 1615 2190 dicerentur,
1643 2134 1772 2182 dixit

282 2213 514 2260 Servilius
542 2217 697 2260 etiam
718 2213 781 2260 de
808 2212 1045 2258 Ventidio
1067 2219 1120 2258 et
1146 2218 1203 2258 ut
1229 2211 1426 2258 Cassius
1446 2228 1773 2276 persequere-

344 2366 363 2386 ⁰
392 2360 485 2401 The
522 2360 674 2400 consul
715 2362 769 2400 A.
810 2360 981 2400 Hirtius
1018 2373 1116 2399 won
1155 2360 1397 2400 successive
1434 2360 1634 2400 victories
1671 2374 1775 2402 over

287 2415 508 2478 Antony’s
526 2415 666 2454 forces
685 2418 729 2454 at
749 2414 911 2454 Forum
930 2413 1160 2454 Gallorum
1180 2412 1326 2465 (April
1350 2413 1468 2464 14th)
1486 2412 1574 2453 and
1597 2413 1774 2456 Mutina

284 2469 604 2563 (Aprgesscligffis
627 2522 788 2562 Brutus
810 2522 897 2562 and
919 2521 1154 2565 Octavian.

283 2595 376 2637 650
