1837 3029
884 192 1133 240 CICERO

263 322 487 370 condicio
524 325 770 386 pecuniae
809 323 1011 385 (quibus
1050 323 1199 368 rebus
1239 322 1467 369 abundat
1503 323 1602 369 ista
1639 338 1750 385 pro-

264 399 443 463 vincia)
494 400 558 447 ab
609 416 805 446 summa
853 402 1150 462 integritate
1200 403 1614 463 continentiaque
1664 400 1750 447 de-

214 477 480 524 9duxerit.
549 476 683 536 Quid
731 484 903 524 autem
950 480 1156 539 reperiri
1202 484 1308 523 tam
1356 480 1614 533 eximium,
1660 483 1750 524 aut

262 561 366 599 tam
426 554 771 616 expetendum
829 561 1017 616 potest,
1075 571 1226 617 quam
1284 557 1432 600 istam
1491 557 1749 609 virtutem,

260 632 658 678 moderationem
700 635 870 687 animi,
909 636 1319 693 temperantiam,
1359 649 1458 678 non
1498 631 1657 679 latere
1696 635 1747 678 in

260 709 500 764 tenebris,
531 725 698 771 neque
732 725 840 755 esse
873 709 1117 764 abditam,
1148 710 1238 756 sed
1270 713 1320 755 in
1351 709 1462 755 luce
1495 710 1664 764 Asiae,
1696 711 1745 755 in

260 785 411 832 oculis
429 786 729 832 clarissimae
747 790 1047 848 provinciae,
1065 794 1219 848 atque
1237 789 1286 832 in
1305 788 1506 833 auribus
1523 789 1745 833 omnium

257 866 489 926 gentium
521 879 578 910 ac
609 867 871 909 nationum
904 879 1012 910 esse
1044 864 1301 926 positam?
1352 880 1453 910 non
1483 864 1746 910 itineribus

257 943 357 986 tuis
402 944 673 1003 perterreri
719 940 987 988 homines?
1052 957 1152 986 non
1198 948 1404 1003 sumptu
1452 939 1745 987 exhauriri?

258 1034 357 1064 non
387 1018 609 1065 adventu
638 1018 980 1064 commoveri?
1029 1034 1156 1073 esse,
1185 1034 1503 1081 quocumque
1534 1020 1746 1073 veneris,

259 1102 312 1141 et
339 1094 538 1157 publice
569 1102 622 1142 et
650 1099 884 1157 privatim
908 1098 1181 1141 maximam
1203 1095 1468 1151 laetitiam,
1492 1112 1606 1142 cum
1629 1095 1745 1141 urbs

255 1172 536 1228 custodem,
568 1189 666 1218 non
698 1179 988 1235 tyrannum,
1020 1173 1196 1218 domus
1228 1171 1497 1234 hospitem,
1530 1188 1629 1218 non
1661 1187 1746 1218 ex-

256 1248 540 1310 pilatorem,
563 1253 810 1311 recepisse
837 1250 1066 1295 videatur
1089 1251 1105 1295 Ρ

182 1331 233 1371 10
322 1325 418 1372 ΙΙΙ.
455 1326 545 1372 His
574 1334 747 1372 autem
774 1330 824 1371 in
853 1328 1002 1372 rebus
1030 1331 1128 1371 iam
1158 1333 1210 1372 te
1240 1343 1356 1373 usus
1382 1330 1490 1389 ipse
1517 1325 1745 1388 profecto

257 1403 491 1458 erudivit,
522 1419 841 1466 nequaquam
875 1407 995 1449 satis
1029 1420 1136 1449 esse
1174 1407 1335 1465 ipsum
1371 1403 1521 1449 hasce
1558 1402 1745 1448 habere

256 1483 486 1536 virtutes,
513 1481 602 1526 sed
631 1497 739 1526 esse
767 1481 1265 1542 circumspiciendum
1295 1481 1582 1543 diligenter,
1610 1486 1668 1526 ut
1694 1482 1744 1525 in

255 1555 348 1603 hac
389 1558 617 1604 custodia
659 1561 941 1619 provinciae
986 1575 1084 1603 non
1127 1565 1179 1604 te
1225 1575 1397 1612 unum,
1439 1558 1529 1604 sed
1571 1573 1744 1603 omnes

254 1637 506 1681 ministros
534 1638 710 1696 imperi
738 1638 831 1689 tui,
857 1638 1017 1690 sociis,
1046 1642 1098 1681 et
1125 1636 1331 1690 civibus,
1360 1642 1413 1681 et
1439 1633 1744 1697 reipublicae

256 1719 514 1773 praestare
557 1713 774 1759 videare.
843 1711 1164 1775 Quamquam
1207 1712 1402 1775 legatos
1443 1711 1600 1758 habes
1643 1727 1745 1770 θος,

255 1792 340 1851 qui
363 1792 455 1850 ipsi
478 1805 569 1850 per
589 1805 643 1835 se
667 1788 887 1836 habituri
909 1792 1010 1836 sint
1031 1792 1280 1835 rationem
1303 1790 1566 1852 dignitatis
1588 1804 1708 1835 suae
1732 1803 1744 1843 ;

255 1865 318 1911 de
355 1867 537 1928 quibus
573 1865 780 1922 honore,
818 1873 871 1913 et
907 1867 1177 1927 dignitate,
1215 1873 1269 1913 et
1305 1873 1479 1913 aetate
1515 1872 1744 1929 praestat

253 1942 471 1998 Tubero,
504 1959 655 2006 quem
690 1960 785 2006 ego
819 1944 1048 1999 arbitror,
1079 1947 1378 2006 praesertim
1411 1960 1525 1989 cum
1557 1943 1743 1989 scribat

254 2018 531 2076 historiam,
565 2020 750 2067 multos
788 2037 850 2067 ex
886 2024 986 2067 suis
1023 2021 1284 2067 annalibus
1319 2037 1465 2083 posse
1501 2019 1743 2083 deligere,

255 2113 379 2159 quos
411 2097 532 2144 velit
564 2104 618 2144 et
649 2101 805 2160 possit
837 2101 1055 2152 imitari;
1107 2098 1332 2144 Allienus
1366 2105 1538 2144 autem
1571 2103 1742 2143 noster

256 2181 333 2220 est
378 2191 492 2220 cum
539 2178 705 2221 animo
751 2182 804 2221 et
849 2175 1222 2230 benevolentia,
1267 2183 1376 2221 tum
1423 2191 1540 2221 vero
1587 2177 1741 2220 etiam

253 2254 535 2298 imitatione
594 2252 806 2299 vivendi.
876 2252 1004 2298 Nam
1062 2253 1181 2315 quid
1240 2268 1335 2315 ego
1391 2252 1455 2299 de
1513 2251 1743 2298 Gratidio

316 2457 334 2476 ⁸
369 2452 416 2493 L.
451 2452 600 2493 Aelius
631 2453 805 2493 Tubero
831 2466 917 2492 was
950 2453 1102 2505 highly
1127 2452 1343 2493 estet-med
1375 2453 1443 2492 for
1474 2452 1539 2492 liis
1563 2451 1738 2503 literary

260 2505 414 2569 ability
432 2507 490 2558 by
510 2507 675 2554 (in-vro.
698 2507 796 2547 who
817 2508 948 2547 refers
975 2513 1019 2547 to
1046 2508 1135 2547 him
1157 2510 1200 2547 in
1222 2507 1311 2548 Pro
1332 2506 1514 2546 Plancio
1535 2519 1582 2545 as
1603 2519 1737 2546 neces-

256 2574 402 2600 sat-aus
423 2574 550 2600 meus.

263 2624 358 2676 396
