1837 3029
844 151 1096 199 CICERO

918 280 986 327 VI
994 279 1015 325 Ι

383 414 438 446 M.
472 414 518 445 T.
555 415 596 446 c,
631 414 669 445 s.
705 413 750 446 Ρ.
787 413 835 445 D.
871 413 1154 444 TERENTiAE
1186 413 1309 445 SUAE
1342 413 1404 446 ET
1436 413 1575 446 TULL.

681 515 751 556 Ad
777 515 988 564 Formias,
1010 529 1142 558 A.u.c.
1165 519 1261 557 705.

175 628 194 668 1
285 623 476 669 Omnes
519 621 776 669 molestias
820 629 873 669 et
917 622 1295 678 sollicitudines,
1337 623 1520 686 quibus
1563 629 1618 670 et
1657 628 1714 669 te

221 703 551 745 miserrimam
582 698 754 755 habui,
783 699 833 746 id
864 700 998 762 quod
1028 699 1148 745 mihi
1180 699 1588 746 molestissimum
1617 705 1713 754 est,

220 775 605 839 Tulliolamque,
653 793 784 839 quae
831 777 972 821 nobis
1018 784 1189 822 nostra
1235 780 1339 822 vita
1383 775 1573 823 dulcior
1617 781 1713 831 est,

221 853 431 915 deposui
473 860 526 899 et
568 856 707 899 eieci.
776 852 911 911 Quid
951 870 1133 900 causae
1174 860 1348 900 autem
1389 851 1562 909 fuerit,
1602 869 1713 916 pos·

220 930 371 976 tridie
391 929 638 985 intellexi,
659 946 810 993 quam
837 947 866 976 a
887 930 1026 976 vobis
1047 929 1479 991 discessi—XoMyv
1508 930 1713 991 ἄκρατον

222 1013 374 1052 noctu
410 1009 549 1052 eieci.
618 1005 802 1053 Statim
837 1010 910 1053 ita
944 1024 1055 1053 sum
1090 1006 1305 1062 levatus,
1340 1014 1398 1054 ut
1431 1005 1551 1052 mihi
1588 1006 1713 1052 deus

222 1082 399 1145 aliquis
431 1083 733 1129 medicinam
765 1082 944 1129 fecisse
978 1084 1224 1129 videatur.
1293 1082 1385 1129 Cui
1418 1084 1624 1146 quidem
1655 1089 1713 1129 tu

221 1160 336 1214 deo,
373 1160 801 1222 quemadmodum
840 1160 987 1216 soles,
1025 1164 1107 1222 pie
1147 1167 1199 1206 et
1237 1167 1377 1207 caste
1415 1159 1711 1213 satisfacias,

174 1237 272 1282 aid
319 1244 396 1283 est
441 1237 662 1299 Apollini
708 1245 761 1284 et
807 1237 1124 1299 Aesculapio.
1193 1237 1387 1284 Navem
1431 1253 1579 1299 spero
1624 1253 1712 1282 nos

224 1313 368 1359 valde
397 1314 581 1359 bonam
611 1313 832 1369 habere3
872 1318 922 1360 in
952 1331 1062 1360 eam
1094 1314 1400 1377 simulatque
1428 1313 1714 1368 conscendi,

223 1390 348 1436 haec
400 1395 587 1453 scripsi.
658 1392 858 1437 Deinde
911 1392 1220 1437 conscribam
1275 1392 1338 1438 ad
1391 1398 1586 1438 nostros
1641 1389 1713 1436 fa-

222 1467 440 1514 miliares
487 1468 672 1514 multas
720 1468 980 1530 epistulas,
1027 1469 1208 1532 quibus
1255 1475 1310 1515 te
1353 1475 1407 1515 et
1446 1467 1710 1514 Tulliolam

222 1552 446 1591 nostram
510 1545 895 1608 diligentissime
960 1546 1343 1593 commendabo.
1411 1544 1715 1593 Cohortarer

222 1639 325 1678 vos,
369 1639 469 1685 quo
512 1626 680 1669 animo
723 1621 930 1669 fortiore
975 1627 1171 1679 essetis,
1215 1626 1308 1669 nisi
1351 1639 1438 1670 vos
1481 1621 1714 1669 fortiores

221 1716 535 1761 cognossem,
592 1716 744 1763 quam
801 1717 1111 1764 quemquam
1168 1703 1345 1748 virum.
1413 1700 1482 1746 Et
1537 1707 1713 1746 tamen

223 1777 468 1823 eiusmodi
496 1793 643 1838 spero
673 1781 881 1839 negotia
911 1793 1038 1833 esse,
1069 1784 1127 1824 ut
1157 1784 1211 1824 et
1241 1794 1326 1823 vos
1355 1780 1467 1823 istic
1496 1792 1715 1823 commo-

223 1854 425 1900 dissime
453 1870 651 1915 sperem
682 1870 809 1909 esse‚
838 1861 892 1900 et
919 1871 1001 1900 me
1031 1854 1300 1916 aliquando
1328 1871 1442 1900 cum
1470 1853 1714 1900 similibus

175 1937 200 1976 3
223 1933 378 1976 nostri
412 1930 775 1992 rempublicam
809 1929 1152 1977 defensurum.
1219 1930 1293 1976 Tu
1329 1933 1545 1992 primum
1581 1928 1713 1975 vale-

223 2007 453 2053 tudinem
478 2014 618 2053 tuam
644 2006 793 2052 velim
816 2023 959 2053 cures
983 2022 994 2062 3
1036 2007 1239 2062 deinde,
1262 2007 1354 2053 tibi
1380 2009 1418 2052 si
1444 2006 1715 2060 videbitur,

225 2083 348 2129 villis
379 2087 437 2129 iis
471 2091 633 2139 utere,
665 2100 795 2146 quae
826 2083 1114 2147 longissime
1147 2085 1363 2129 aberunt.
1395 2099 1425 2129 a
1454 2082 1713 2129 militibus,

226 2161 403 2206 Fundo
427 2162 659 2222 Arpinati
684 2161 814 2206 bene
840 2164 1028 2222 poteris
1054 2163 1126 2206 uti
1152 2177 1266 2207 cum
1291 2158 1480 2205 familia
1505 2160 1715 2213 urbana,

226 2240 266 2284 si
323 2254 522 2284 annona
579 2241 737 2283 carior
793 2236 964 2285 fuerit.
1032 2237 1206 2283 Cicero
1263 2236 1563 2283 bellissimus
1621 2236 1714 2282 tibi

292 2403 310 2421 ⁰
339 2397 432 2436 The
458 2396 599 2436 words
628 2398 672 2436 id
705 2428 714 2437 .
748 2428 757 2438 .
794 2429 801 2436 .
835 2397 1100 2448 Aesculapio
1126 2395 1228 2436 read
1255 2395 1358 2444 like,
1384 2395 1471 2435 and
1498 2394 1716 2447 probably

231 2465 318 2497 are,
341 2465 366 2490 a
387 2451 504 2503 gloss
526 2465 582 2490 on
604 2452 676 2490 the
699 2455 801 2491 text.

290 2506 305 2530 ⁶
336 2505 582 2545 provisions
603 2505 748 2545 would
770 2506 823 2544 be
843 2505 1031 2556 cheaper
1053 2506 1095 2544 in
1119 2505 1339 2556 Arpinum
1360 2503 1467 2544 than
1490 2505 1534 2544 in
1559 2503 1713 2544 Rome.

238 2576 331 2615 5204
