1837 3029
865 145 1115 192 CICERO

248 275 452 320 cederet
477 291 639 320 nemo.
698 273 823 319 Nam
850 274 984 335 quod
1005 273 1068 319 de
1093 272 1332 334 Pompeio
1354 272 1590 317 Caninius
1613 272 1733 333 agit,

250 367 524 413 sanequain
569 348 778 396 refrixit.
859 350 1036 412 Neque
1083 352 1216 395 enim
1260 365 1338 395 res
1381 349 1640 410 probatur,
1682 351 1736 392 et

251 427 518 489 Pompeius
550 434 720 473 noster
750 430 799 472 in
832 430 1052 472 amicitia
1083 425 1135 472 P.
1172 425 1374 471 Lentuli
1405 428 1735 487 vituperatur,

252 512 303 550 et
335 504 535 550 hercule
566 520 666 549 non
696 512 774 550 est
803 504 953 549 idem.
1020 503 1148 548 Nam
1180 503 1314 565 apud
1343 501 1477 547 illam
1507 500 1735 563 perditis-

255 585 430 627 simam
449 589 603 643 atque
620 581 840 626 infimam
862 579 1055 626 faecem
1076 579 1245 642 populi
1265 586 1472 641 propter
1494 577 1735 624 Milonem

251 657 589 713 suboffendit3
639 664 691 704 et
721 658 837 703 boni
869 657 1027 703 multa
1058 657 1120 703 ab
1152 673 1211 703 eo
1241 656 1549 710 desiderant,
1578 653 1737 700 multa

252 734 643 797 reprehendunt.
705 734 1026 780 Marcellinus
1053 741 1224 780 autem
1249 733 1341 780 hoc
1366 749 1464 779 uno
1487 731 1607 778 mihi
1632 733 1736 793 qui-

251 812 367 858 dem
398 829 496 858 non
527 810 788 867 satisfacit,
820 811 954 874 quod
986 828 1100 857 cum
1132 814 1276 856 nimis
1308 824 1484 872 aspere
1515 815 1737 862 tractat;

251 906 557 952 quamquam
587 889 638 935 id
668 896 848 935 senatu
880 905 978 934 non
1009 891 1165 934 invito
1195 886 1351 942 facit3
1401 902 1500 949 quo
1531 901 1627 949 ego
1655 901 1738 931 me

253 966 488 1013 libentius
527 983 555 1012 a
591 969 725 1012 curia
760 973 813 1012 et
847 966 910 1011 ab
944 968 1078 1011 omni
1111 972 1256 1027 parte
1290 963 1595 1026 reipublicae
1624 963 1737 1008 sub-

203 1051 227 1089 6
256 1043 412 1090 traho.
498 1043 557 1089 In
594 1043 784 1089 iudiciis
827 1045 859 1088 ii
902 1059 1089 1098 sumus,
1133 1045 1216 1104 qui
1259 1040 1459 1088 fuimus.
1545 1040 1736 1086 Domus

251 1120 535 1167 celebratur
569 1123 658 1175 ita,
695 1127 752 1166 ut
787 1137 900 1166 cum
937 1122 1170 1165 maxime.
1244 1118 1414 1165 Unum
1441 1117 1621 1164 accidit
1648 1119 1737 1162 im-

253 1198 521 1260 prudentia
551 1196 752 1243 Milonis
778 1197 1110 1251 incommode,
1137 1196 1199 1242 de
1227 1195 1341 1242 Sex.
1370 1195 1561 1250 Clodio,
1586 1210 1736 1256 quem

252 1291 417 1337 neque
449 1273 542 1321 hoc
574 1281 821 1336 ternpore,
855 1290 1020 1336 neque
1055 1274 1118 1319 ab
1150 1272 1408 1319 imbecillis
1442 1273 1737 1318 accusatori-

251 1353 343 1398 bus
372 1350 493 1397 mihi
523 1350 712 1413 placuit
743 1353 976 1397 accusari.
1042 1350 1101 1395 Ei
1132 1357 1235 1396 tres
1265 1352 1552 1396 sententiae
1582 1355 1737 1394 tetcr-

252 1432 375 1475 rimo
394 1432 445 1474 in
470 1428 672 1475 consilio
699 1426 985 1474 defuerunt.
1040 1427 1222 1489 Itaque
1247 1426 1502 1473 hominem
1527 1424 1737 1487 populus

251 1513 454 1552 revocat
482 1512 535 1553 et
561 1504 850 1552 retrahatur
878 1521 1082 1550 necesse
1112 1511 1203 1550 est.
1267 1503 1379 1550 Non
1409 1506 1541 1549 enirn
1569 1501 1738 1548 ferunt

253 1582 493 1630 homines.
568 1582 637 1629 Et
676 1585 809 1646 quia,
849 1599 962 1628 cum
1003 1581 1138 1643 apud
1177 1598 1289 1627 suos
1329 1581 1537 1635 diceret,
1576 1594 1737 1642 paene

252 1661 519 1708 damnatus
567 1667 661 1715 est,
707 1659 881 1706 vident
927 1659 1238 1705 damnatum.
1319 1658 1394 1704 Ea
1438 1661 1545 1719 ipsa
1590 1659 1641 1702 in
1686 1672 1738 1702 re

253 1737 460 1799 Pompei
481 1736 686 1783 offensio
709 1737 847 1782 nobis
870 1737 1082 1782 obstitit.
1139 1735 1439 1781 Senatorum
1462 1737 1595 1780 enim
1617 1749 1740 1779 urna

252 1817 450 1877 copiose
479 1813 707 1869 absolvit,
739 1816 966 1876 equiturn
996 1814 1317 1875 adaequavit,
1346 1813 1534 1858 tribuni
1564 1813 1738 1856 aerarii

253 1893 667 1939 condemnarunt.
741 1889 841 1936 Sed
879 1889 971 1936 hoc
1010 1890 1382 1936 incommodum
1421 1887 1740 1935 consolantur

255 1969 578 2032 quotidianae
613 1969 962 2015 damnationes
997 1970 1326 2022 inimicorum,
1361 1970 1410 2012 in
1445 1967 1624 2028 quibus
1658 1981 1739 2010 mc

316 2120 333 2138 ‘¹
367 2112 589 2164 Probably
602 2126 628 2152 a
643 2111 913 2153 descendant
927 2111 1011 2151 ofa
1025 2111 1252 2152 freedinan
1268 2111 1316 2151 of
1326 2111 1399 2151 the
1411 2124 1515 2161 [lens
1534 2110 1739 2159 Claudia,

258 2183 283 2207 a
313 2181 413 2207 man
443 2168 491 2207 of
516 2167 596 2206 low
624 2171 790 2218 repute,
818 2165 907 2205 and
938 2166 984 2205 P.
1014 2165 1232 2205 Clodius's
1259 2165 1378 2204 chief
1404 2166 1667 2205 instrument
1696 2167 1737 2204 in

258 2223 464 2273 carrying
485 2225 563 2260 out
583 2221 649 2260 his
671 2220 867 2261 schemes
888 2219 937 2259 of
954 2219 1148 2259 violence
1168 2218 1258 2258 and
1279 2223 1476 2270 outrage.

318 2275 333 2298 ὸ
364 2275 456 2315 The
477 2276 640 2314 iudices
661 2273 879 2314 consisted
901 2273 949 2313 of
965 2273 1086 2313 three
1107 2273 1321 2320 decuriae,
1344 2272 1473 2312 made
1494 2285 1553 2324 up
1574 2285 1738 2324 respec-

258 2329 389 2380 tively
424 2329 473 2368 of
502 2333 713 2375 senators,
749 2327 946 2379 knights,
981 2326 1070 2366 and
1105 2326 1273 2367 tribuni
1306 2327 1472 2366 aerario·
1504 2325 1741 2377 (probably

258 2396 438 2434 persons
479 2383 527 2422 of
566 2386 787 2433 property,
832 2382 1132 2432 representing
1173 2380 1247 2420 the
1287 2379 1446 2420 classes
1489 2379 1628 2419 below
1668 2380 1741 2419 the

261 2436 475 2487 knights).
537 2436 657 2475 Each
697 2436 746 2475 of
789 2435 864 2475 the
910 2435 1031 2475 three
1070 2435 1271 2474 decuriae
1310 2433 1397 2473 had
1445 2435 1499 2473 its
1541 2437 1742 2485 separate

262 2490 596 2541 balloting-urn.

262 2560 357 2602 500
