1837 3029
878 188 1126 235 CICERO

211 321 236 360 7
262 313 329 361 ΙΙ.
361 315 433 363 At
461 318 595 363 enim
623 319 757 364 inter
784 316 874 364 hos
903 321 1034 380 ipsos
1065 321 1315 365 exsistunt
1342 334 1521 383 graves
1548 324 1740 365 contro·

259 398 467 451 versiae,
518 396 708 443 multae
762 405 1035 444 nascuntur
1086 402 1312 454 iniuriae,
1362 415 1579 463 magnae
1628 413 1741 445 con-

257 478 511 523 tentiones
543 485 934 540 consequuntur.
1003 478 1158 536 Quasi
1191 495 1307 526 vero
1340 495 1435 543 ego
1466 479 1517 526 id
1547 485 1742 541 putem,

260 571 358 601 non
385 562 438 602 te
466 556 780 619 aliquantum
808 561 980 620 negoti
1008 562 1271 606 sustinere.
1341 558 1607 622 Intellego,
1632 573 1742 620 per-

257 651 496 698 magnum
552 654 659 682 esse
714 642 973 701 negotium
1028 645 1082 685 et
1134 643 1338 685 maximi
1390 639 1576 685 consili.
1643 636 1742 684 Sed

257 723 532 771 memento,
567 717 736 763 consili
774 734 855 763 me
893 718 984 764 hoe
1020 723 1279 781 negotium
1319 735 1427 765 esse
1463 721 1622 782 magis
1657 716 1742 763 ali-

257 803 465 856 quanto,
518 814 668 859 quam
722 797 973 854 fortunae,
1027 807 1222 860 putare.
1291 799 1425 858 Quid
1479 806 1556 845 est
1609 800 1742 843 enim

258 879 448 937 negoti,
477 881 734 923 continere
766 894 867 934 eos,
897 880 1077 942 quibus
1107 883 1312 941 praesis,
1343 883 1381 925 si
1411 886 1464 925 te
1492 882 1599 942 ipse
1629 893 1735 924 con-

256 956 460 1002 tineas?
528 956 588 1004 Id
627 964 799 1004 autem
837 961 903 1005 sit
940 975 1182 1022 magnum
1221 967 1275 1006 et
1311 958 1507 1006 difficile
1544 959 1741 1012 ceteris,

259 1039 390 1083 sicut
437 1043 515 1082 est
562 1035 937 1091 difficillimum3
1007 1036 1100 1082 tibi
1148 1040 1202 1082 et
1248 1032 1347 1080 fuit
1396 1032 1490 1081 hoc
1541 1050 1743 1096 semper

259 1116 568 1171 facillimum,
605 1124 658 1163 et
698 1134 815 1163 vero
856 1133 961 1163 esse
1002 1116 1197 1169 debuit,
1232 1118 1370 1161 euius
1408 1121 1591 1161 natura
1627 1114 1741 1160 talis

257 1201 352 1250 est,
387 1202 443 1241 ut
479 1200 633 1242 etiam
669 1201 774 1242 siue
810 1197 1037 1243 doctrina
1073 1197 1302 1242 videatur
1336 1195 1598 1241 moderata
1633 1207 1741 1239 esse

255 1279 512 1336 potuisse:
564 1293 623 1322 ea
655 1284 824 1323 autem
860 1276 1086 1323 adhibita
1117 1277 1342 1323 doctrina
1376 1283 1470 1331 cst,
1502 1289 1632 1338 quae
1663 1270 1741 1318 vel

257 1357 623 1401 vitiosissimam
681 1365 913 1403 naturam
972 1356 1200 1403 excolere
1257 1359 1428 1418 possit.
1495 1353 1573 1401 Tu
1627 1368 1741 1400 cum

257 1440 518 1496 pecuniae,
552 1453 665 1482 cum
703 1436 966 1498 voluptati,
1001 1454 1114 1483 cum
1150 1439 1372 1482 omnium
1406 1450 1575 1482 rerum
1607 1435 1742 1496 cupi-

259 1515 407 1562 ditati
448 1521 666 1572 resisteS‚
707 1525 765 1564 ut
804 1517 943 1574 facis,
984 1522 1097 1573 erit,
1137 1517 1303 1572 credo,
1345 1515 1638 1578 periculum,
1677 1528 1742 1559 ne

259 1598 539 1658 improbum
572 1601 960 1661 negotiatorem,
989 1597 1158 1660 paullo
1187 1598 1494 1659 cupidiorem
1523 1593 1744 1658 publica-

260 1693 379 1722 num
411 1682 740 1740 comprimere
772 1695 872 1725 non
906 1679 1091 1741 possis!
1159 1678 1288 1724 Nam
1325 1678 1505 1723 Graeci
1539 1674 1743 1739 quidem

260 1760 327 1803 sic
370 1765 422 1804 te
464 1762 537 1805 ita
579 1763 831 1805 viventem
874 1760 1225 1814 intuebuntur,
1268 1766 1325 1805 ut
1367 1757 1638 1821 quemdam
1680 1769 1743 1800 ex

260 1838 514 1885 annalium
564 1843 822 1895 memoria,
873 1848 963 1886 aut
1013 1844 1168 1886 etiam
1219 1839 1283 1886 de
1333 1838 1472 1885 caelo
1521 1837 1744 1885 divinum

212 1924 236 1963 8
261 1917 515 1966 hominem
544 1936 653 1966 esse
682 1924 733 1966 in
761 1923 1066 1983 provinciam
1095 1919 1357 1981 delapsum
1385 1925 1585 1981 putent.
1653 1917 1745 1962 At-

260 2015 359 2061 que
396 1999 520 2046 haec
556 2017 705 2056 nunc,
742 2018 841 2047 non
878 2008 935 2047 ut
971 2000 1142 2056 facias,
1178 2000 1267 2046 sed
1305 2007 1361 2046 ut
1398 2007 1450 2045 te
1487 1997 1653 2044 facere
1691 2002 1745 2042 et

260 2078 436 2126 fecisse
452 2082 693 2144 gaudeas,
709 2083 885 2129 scribo.
952 2081 1269 2128 Praeclarum
1286 2088 1366 2127 est
1381 2083 1534 2136 enim,
1549 2093 1743 2125 summo

262 2176 374 2206 curn
404 2165 613 2223 imperio
642 2161 794 2208 fuisse
824 2165 874 2208 in
905 2162 1025 2208 Asia
1053 2165 1344 2214 triennium,
1374 2164 1442 2208 sic
1470 2166 1529 2206 ut
1557 2157 1747 2205 nullum

265 2247 317 2286 te
355 2245 572 2304 signum,
611 2241 746 2288 nulla
785 2246 996 2304 pictura,
1035 2241 1226 2287 nullum
1265 2257 1368 2296 vas,
1407 2239 1542 2286 nulla
1580 2240 1749 2291 vestiS‚

265 2321 454 2367 nullum
499 2326 822 2384 mancipium,
870 2322 1005 2368 nulla
1050 2321 1210 2368 forma
1257 2325 1567 2384 cuiusquam,
1615 2317 1749 2365 nulla

278 2450 411 2457 ——--—
1591 2448 1733 2454 ——-

510 2529 528 2548 ⁸
562 2523 700 2563 Credo
723 2522 870 2562 marks
893 2523 964 2563 the
985 2526 1219 2563 statement
1238 2535 1286 2562 as
1308 2521 1500 2563 ironical.

279 2593 374 2641 394
