1837 3029
268 705 350 755 M.
391 705 619 755 TULLI
661 707 1057 757 CICERONIS
1097 708 1652 758 EPISTULARUM

677 790 781 838 AD
823 790 1292 839 FAMILIARES

534 921 737 967 LIBER
774 922 1090 969 DECIMUS
1124 922 1382 969 SEXTUS

945 1056 968 1103 Ι

272 1178 327 1210 M.
363 1179 407 1211 T.
444 1180 485 1211 C.
523 1180 584 1210 ET
617 1181 791 1211 CICERO
827 1181 956 1212 MEUS
993 1181 1054 1211 ET
1087 1181 1166 1212 FR.
1203 1181 1266 1212 ET
1299 1181 1508 1212 FRATRIS
1543 1180 1637 1213 FIL.

748 1248 785 1279 S.
823 1248 866 1279 P.
904 1249 950 1279 D.
987 1249 1160 1278 TIRONI

521 1339 640 1379 Inter
662 1339 815 1379 Patras
836 1344 878 1381 et
900 1339 1119 1392 Alszam,
1141 1354 1272 1382 A.U.C.
1295 1343 1391 1381 704.

162 1440 183 1481 1
275 1433 447 1481 Paullo
484 1434 676 1481 facilius
712 1439 886 1497 putavi
922 1452 1068 1498 posse
1104 1452 1186 1482 me
1222 1435 1355 1482 ferre
1391 1435 1693 1483 desiderium

209 1505 302 1555 tui,
339 1503 428 1548 sed
465 1502 615 1564 plane
654 1519 753 1548 non
790 1502 932 1557 fero3
988 1510 1042 1550 et
1079 1519 1388 1566 quamquam
1424 1506 1593 1566 magni
1632 1502 1694 1549 ad

209 1567 450 1615 honorem
477 1577 703 1616 nostrum
730 1573 961 1625 interest,
988 1587 1139 1632 quam
1166 1574 1382 1633 primum
1410 1571 1474 1617 ad
1502 1570 1693 1617 Urbem

208 1652 289 1681 Jne
317 1640 505 1692 venire,
531 1644 705 1683 tamen
731 1653 965 1699 peccasse
991 1637 1112 1683 mihi
1139 1638 1327 1693 videor,
1353 1641 1438 1700 qui
1465 1654 1494 1683 a
1519 1644 1572 1684 te
1598 1637 1695 1684 dis-

207 1706 473 1758 cesserim;
511 1704 601 1750 sed
635 1708 753 1766 quia
786 1711 876 1750 tua
909 1704 1138 1751 voluntas
1174 1721 1235 1751 ea
1268 1705 1534 1751 videbatur
1567 1720 1694 1758 esse,

208 1778 265 1815 ut
300 1787 517 1832 prorsus,
543 1774 635 1816 nisi
671 1771 966 1818 confirmato
1002 1788 1226 1834 corpore,
1250 1771 1407 1818 nolles
1440 1775 1694 1834 navigare,

208 1838 480 1898 approbavi
505 1845 648 1884 tuum
672 1838 949 1894 consilium,
973 1855 1139 1901 neque
1163 1856 1295 1885 nunc
1317 1846 1478 1895 muto,
1501 1842 1539 1885 si
1563 1845 1620 1885 tu
1642 1841 1693 1884 in

208 1905 387 1950 eadem
416 1920 469 1951 es
496 1908 767 1952 sententia.
829 1905 914 1951 Sin
942 1913 1114 1952 autem
1141 1913 1321 1968 postea
1347 1922 1499 1969 quam
1526 1906 1692 1951 cibum

205 1975 402 2032 cepisti,
421 1972 601 2018 videris
621 1974 713 2019 tibi
731 1989 876 2034 posse
896 1989 977 2019 me
996 1977 1252 2036 consequi,
1271 1981 1416 2020 tuum
1434 1972 1692 2019 consilium

206 2046 299 2084 est.
367 2038 650 2085 Marionem
683 2041 746 2086 ad
776 2047 828 2086 te
861 2057 920 2086 eo
951 2044 1079 2095 misi,
1110 2048 1166 2087 ut
1197 2048 1286 2086 aut
1316 2048 1486 2087 tecum
1517 2040 1581 2086 ad
1610 2055 1692 2085 me

266 2150 284 2168 ⁰
318 2144 497 2184 Marcus
516 2145 684 2186 Tullius
704 2146 806 2186 Tiro
829 2160 916 2186 was
945 2160 971 2187 a
999 2146 1117 2187 slave
1140 2148 1191 2187 of
1214 2147 1380 2193 Cicero,
1400 2144 1690 2186 manumitted

208 2198 267 2249 by
299 2198 388 2238 him
415 2201 458 2238 in
485 2203 539 2239 <34
565 2213 614 2239 οι·
639 2204 707 2240 53.
760 2201 827 2241 He
857 2214 945 2240 was
973 2215 999 2240 a
1024 2215 1126 2241 man
1151 2202 1201 2241 of
1221 2201 1411 2241 arniable
1432 2200 1690 2252 disposition

207 2252 293 2291 and
315 2254 366 2292 of
382 2267 501 2293 more
521 2254 627 2293 than
647 2254 856 2306 ordinary
872 2255 1137 2295 intellectual
1155 2255 1325 2306 abihty,
1340 2254 1429 2295 and
1450 2268 1538 2294 was
1559 2253 1690 2294 much

208 2306 388 2346 beloved
423 2307 482 2358 by
513 2308 579 2347 his
613 2312 784 2359 patron.
850 2309 919 2349 He
948 2323 1035 2349 was
1068 2310 1258 2350 Cicero's
1289 2310 1570 2349 amanuensis
1600 2307 1689 2348 and

207 2359 382 2411 literary
403 2363 623 2409 assistant,
643 2362 731 2402 and
754 2376 842 2402 was
866 2362 1045 2403 himself
1059 2377 1115 2402 an
1136 2363 1295 2404 author
1313 2363 1364 2404 of
1377 2376 1498 2403 some
1517 2366 1690 2414 reputa-

205 2416 312 2459 tion.
342 2428 507 2465 among
537 2416 602 2455 his
633 2415 775 2456 works
805 2416 938 2467 being
967 2431 992 2456 a
1020 2416 1242 2457 defensive
1274 2416 1524 2468 biography
1550 2417 1600 2456 of
1623 2415 1688 2455 his

205 2473 378 2519 patron,
398 2484 422 2508 a
443 2472 617 2509 treatise
644 2484 699 2509 on
727 2484 967 2518 grannnar,
987 2471 1074 2510 and
1095 2484 1216 2511 some
1241 2475 1394 2523 poetry
1414 2471 1517 2520 (xvi.
1543 2472 1606 2510 18.
1626 2471 1684 2515 3).

203 2521 305 2561 Tiro
324 2536 410 2561 was
431 2523 502 2562 the
521 2524 641 2563 chief
655 2529 787 2575 agent
809 2527 850 2564 in
871 2525 1113 2577 eolnpiling
1131 2525 1219 2564 and
1239 2527 1479 2576 arranging
1498 2523 1686 2564 Cicero's

207 2586 302 2632 316
