1837 3029
819 145 1068 192 CICERO

198 292 349 339 quam
375 279 591 338 primum
617 279 829 330 veniret,
854 283 959 330 aut,
985 280 1022 322 si
1048 283 1104 323 tu
1129 293 1400 331 moi-arere,
1423 280 1595 324 statim
1622 277 1684 324 ad

149 363 174 402 2
199 373 280 403 me
300 356 532 422 rediretf‘
554 355 632 403 Tu
657 365 827 403 autem
850 356 942 403 hoc
965 359 1053 403 tibi
1076 358 1343 419 persuade,
1363 361 1400 403 si
1423 358 1686 404 commodo

199 423 500 484 valetudinis
537 446 656 484 tuae
696 438 799 483 fieri
844 441 1017 499 possit,
1054 437 1175 483 nihil
1211 454 1292 483 me
1330 438 1497 494 malle,
1533 455 1684 501 quam

198 525 251 564 te
291 534 399 564 esse
438 534 671 573 mecum;
727 521 766 564 si
806 525 977 564 autem
1017 518 1283 581 intelleges
1321 535 1446 580 opus
1484 534 1594 565 esse
1631 525 1684 565 te

200 597 361 644 Patris
388 598 766 645 convalescendi
795 615 945 644 causa
974 599 1196 660 paullum
1225 602 1537 654 commorari,
1565 598 1684 644 nihil

199 695 279 723 me
314 679 482 732 malle,
516 695 668 741 quam
704 687 757 726 te
793 679 975 726 valere.
1044 679 1094 726 Si
1129 683 1302 726 statim
1339 683 1562 742 navigas,
1596 696 1684 725 nos

203 758 434 805 Leucade
450 776 758 822 consequere
783 775 794 814 3
828 763 901 805 sin
920 767 972 806 te
988 760 1283 806 confirmare
1302 763 1389 815 vis,
1407 767 1459 806 et
1475 763 1685 806 comites

199 846 250 884 et
288 846 625 902 tempestates
663 847 716 886 et
753 856 931 886 navem
970 841 1204 887 idoneam
1243 847 1299 886 ut
1335 840 1541 895 habeas,
1578 839 1685 886 dili-

198 927 380 981 genter
410 921 616 967 videbis.
683 920 854 967 Unum
886 920 1025 976 illud,
1055 924 1122 966 mi
1152 921 1285 976 Tiro,
1316 921 1504 975 videto,
1534 923 1572 966 si
1603 935 1685 965 me

200 1016 354 1055 amas,
388 1017 451 1046 ne
490 1008 543 1047 te
581 1001 822 1047 Marionis
856 1002 1103 1048 adventus
1135 1009 1186 1047 et
1220 1000 1315 1047 hae
1349 1001 1552 1047 litterae
1582 1017 1686 1046 mo-

199 1088 366 1127 veant.
446 1080 595 1139 Quod
624 1081 900 1128 valetudini
937 1089 1057 1128 tuae
1093 1085 1313 1128 maxime
1350 1082 1616 1136 conducet,
1646 1083 1684 1126 si

197 1159 393 1216 feceris,
417 1165 637 1208 maxime
661 1163 1028 1224 obtemperaris
1052 1162 1301 1209 voluntati
1324 1178 1486 1208 meae.
1544 1161 1687 1208 Haec

199 1257 288 1302 pro
317 1249 406 1288 tuo
436 1246 638 1305 ingenio
668 1243 942 1290 considera.
1008 1243 1109 1289 Nos
1139 1246 1212 1289 ita
1241 1250 1294 1290 te
1325 1243 1686 1297 desideramus,

202 1328 258 1367 ut
287 1338 543 1378 amemus3
575 1339 730 1378 amor,
761 1330 817 1370 ut
847 1323 1101 1370 valentem
1133 1324 1409 1378 videamus,
1437 1321 1686 1370 hortatur.

199 1402 522 1459 desiderium,
559 1411 616 1450 ut
653 1421 805 1467 quam
842 1408 1074 1467 primum.
1148 1403 1277 1450 Illud
1312 1407 1467 1467 igitur
1502 1406 1683 1466 potius,

202 1482 331 1528 Cura
349 1499 469 1546 ergo
485 1487 819 1546 potissimum,
840 1492 897 1531 ut
914 1485 1079 1530 valeas
1100 1500 1110 1539 ;
1147 1485 1211 1531 de
1232 1488 1331 1530 tuis
1350 1483 1687 1530 innumerabi-

201 1562 327 1608 libus
353 1567 402 1609 in
427 1580 509 1609 me
533 1565 702 1610 officiis
733 1568 828 1611 erit
859 1564 950 1611 hoc
982 1568 1339 1627 gratissimum.
1410 1579 1486 1611 111.
1519 1563 1688 1609 Nonas

201 1642 526 1691 Novembres.

919 1778 969 1825 II

558 1923 761 1956 TULLIUS
796 1925 833 1956 S.
871 1925 914 1956 P.
953 1925 998 1955 D.
1035 1924 1209 1954 Tmoxt
1243 1924 1334 1955 SUO

715 2043 910 2094 Alyziae,
933 2056 1063 2083 A.u.c.
1086 2046 1182 2083 704.

269 2159 381 2206 Non
408 2177 539 2223 queo
566 2161 628 2207 ad
654 2167 708 2207 te
735 2177 826 2206 nec
852 2160 995 2206 lubet
1020 2160 1255 2215 scribere,
1280 2175 1381 2222 quo
1405 2162 1573 2206 animo
1597 2161 1688 2205 sim

208 2240 450 2295 afl'‹=etus;
507 2249 708 2287 tantum
747 2242 925 2295 scribo,
964 2247 1017 2286 et
1055 2241 1148 2286 tibi
1188 2246 1242 2286 et
1279 2238 1400 2285 mihi
1439 2243 1690 2285 maximae

208 2321 453 2383 voluptati
492 2321 616 2376 fore,
654 2325 691 2367 si
731 2329 784 2367 te
824 2321 1020 2367 firmum
1059 2337 1211 2383 quam
1251 2324 1465 2382 primum
1504 2321 1688 2367 videm.

270 2458 288 2476 ‘¹
321 2455 357 2493 A
392 2459 508 2493 town
546 2468 602 2493 on
641 2454 713 2493 the
745 2458 865 2493 coast
897 2454 948 2493 of
976 2453 1242 2497 Acarnania,
1276 2451 1465 2502 midway
1496 2451 1691 2492 between

215 2508 402 2547 Astacus
423 2508 510 2547 and
534 2509 836 2547 Anactorium.

218 2577 311 2617 318
