1868 3040
869 195 1120 242 CICERO

252 322 407 380 coepi,
438 321 653 368 eximiisl
679 324 888 379 iudiciis,
914 341 1044 386 quae
1075 325 1138 371 de
1165 342 1225 371 eo
1251 323 1482 380 feceras‚²
1506 328 1734 390 cognitis.

253 402 372 449 Eius
410 403 647 451 libertum
686 407 1007 468 Apollonium
1045 411 1143 454 iam
1183 416 1293 454 tum
1333 409 1587 472 equidem,
1624 425 1737 456 cum

252 484 333 532 ille
366 490 574 545 viveret,
606 497 659 536 et
691 495 859 553 magni
892 490 1138 538 faciebam
1173 499 1225 539 et
1256 493 1548 554 probabam.
1615 491 1741 538 Erat

254 574 386 616 enim
425 579 479 619 et
513 573 764 620 studiosus
802 575 981 631 Crassi,
1019 583 1071 622 et
1108 576 1171 622 ad
1208 579 1313 622 eius
1349 579 1541 638 optima
1575 574 1742 622 studia

254 653 584 703 vehementer
619 664 802 719 aptus;
854 661 1028 721 itaque
1066 660 1129 705 ab
1166 676 1225 706 eo
1262 660 1534 707 admodum
1570 658 1742 721 dilige-

203 742 229 782 2
254 738 416 786 batur.
487 739 607 787 Post
648 749 863 788 mortem
906 749 1078 789 autem
1122 743 1283 790 Crassi
1326 761 1385 790 eo
1426 742 1547 788 mihi
1589 744 1741 788 etiam

252 823 449 886 dignior
463 827 592 870 visus
611 832 705 880 est,
720 843 871 888 quem
885 829 935 871 in
950 826 1101 873 fidem
1117 835 1271 890 atque
1287 831 1556 874 amicitiam
1573 842 1739 872 meam

252 911 546 969 reciperem,
584 910 718 972 quod
761 927 845 957 eos
883 927 912 956 a
947 928 1001 957 se
1038 912 1374 959 observandos
1415 919 1468 958 et
1507 908 1741 958 colendos

254 993 487 1053 putabat,
514 1010 637 1055 quos
667 995 749 1041 ille
786 995 1046 1042 dilexisset
1083 1004 1136 1043 et
1166 997 1345 1059 quibus
1376 1012 1517 1042 carus
1547 993 1739 1040 fuisset.

255 1076 437 1140 Itaque
462 1085 516 1124 et
540 1079 603 1125 ad
629 1096 710 1126 me
734 1083 783 1125 in
809 1080 1030 1126 Ciliciam
1055 1084 1193 1127 venit
1216 1081 1488 1143 multisque
1513 1082 1564 1126 in
1592 1078 1742 1125 rebus

254 1160 372 1207 mihi
421 1179 606 1226 magno
655 1167 761 1210 usui
811 1163 908 1212 fuit
956 1173 1009 1212 et
1051 1166 1173 1212 fides
1217 1168 1322 1211 eius
1362 1171 1415 1211 et
1455 1163 1742 1227 prudentia,

254 1252 323 1300 et,
366 1252 424 1293 ut
463 1251 655 1309 opinor,
696 1249 787 1295 tibi
829 1251 879 1294 in
920 1249 1264 1295 Alexandrino
1305 1248 1454 1304 bello,
1495 1253 1742 1310 quantum

251 1330 419 1376 studio
473 1338 527 1377 et
580 1331 827 1379 fidelitate
880 1336 1118 1395 consequi
1171 1336 1356 1394 potuit,
1410 1349 1509 1378 non
1562 1328 1739 1377 defuit..

203 1413 401 1471 3Quod
447 1432 560 1461 cum
606 1423 835 1477 speraret
880 1424 933 1463 te
980 1434 1181 1480 quoque
1227 1421 1299 1463 ita
1345 1419 1652 1469 existimare,
1691 1415 1742 1457 in

254 1497 549 1560 Hispaniam
588 1501 651 1547 ad
687 1507 758 1556 te,
788 1505 1007 1547 maxime
1043 1501 1125 1547 ille
1163 1502 1367 1563 quidem
1397 1517 1487 1546 suo
1523 1497 1741 1552 consilio,

250 1581 339 1627 sed
371 1586 524 1629 etiarn
557 1601 638 1631 me
669 1592 873 1632 auctore
905 1592 983 1632 est
1016 1584 1287 1647 profectus.
1363 1585 1454 1631 Cui
1487 1599 1582 1646 ego
1611 1598 1742 1628 com-

251 1667 630 1715 mendationem
658 1686 755 1714 non
776 1687 884 1715 sum
911 1669 1190 1731 pollicitus;
1229 1687 1327 1716 non
1348 1672 1468 1731 quin
1489 1684 1600 1714 eam
1626 1665 1742 1712 vali-

251 1755 417 1796 turam
439 1753 573 1813 apud
598 1760 651 1799 te
677 1754 963 1810 arbitrarer,
983 1754 1073 1801 sed
1098 1771 1264 1817 neque
1290 1753 1409 1800 mihi
1436 1768 1586 1815 egere
1611 1767 1742 1797 com-

254 1835 579 1883 mendatione
607 1838 891 1894 videbatur,
919 1842 1003 1901 qui
1032 1846 1085 1885 et
1111 1841 1161 1884 in
1188 1839 1320 1885 bello
1347 1846 1516 1885 tecum
1548 1834 1743 1889 fuisset,

255 1925 309 1964 et
340 1927 547 1981 propter
578 1925 872 1967 memoriam
906 1922 1067 1968 Crassi
1101 1923 1164 1969 de
1197 1925 1296 1968 tuis
1329 1938 1456 1967 unus
1489 1927 1640 1975 esset,
1673 1926 1742 1973 et,

253 2005 292 2048 si
325 2007 394 2049 uti
426 2006 946 2053 commendationibus
976 2006 1145 2061 vellet,
1175 2009 1329 2052 etiam
1359 2021 1449 2067 per
1477 2004 1597 2050 alios
1627 2020 1740 2050 eum

255 2087 488 2133 videbam
530 2089 580 2135 id
622 2093 859 2152 consequi
902 2106 1062 2152 posse..
1130 2090 1495 2136 Testimonium
1537 2090 1636 2135 mei
1679 2088 1741 2134 de

255 2187 315 2218 eo
356 2173 522 2228 iudici,
564 2174 698 2235 quod
740 2181 793 2221 et
832 2178 938 2236 ipse
979 2177 1150 2237 magni
1192 2173 1514 2228 aestimabat,
1554 2178 1608 2218 et
1648 2188 1742 2234 ego

255 2257 389 2317 apud
438 2264 491 2303 te
541 2257 706 2304 valere
756 2275 893 2304 eram
943 2265 1200 2320 expertuS,
1250 2261 1295 2304 ei
1343 2257 1561 2303 libenter
1607 2255 1738 2302 dedi.

203 2350 230 2388 4
255 2340 476 2387 Doctum
511 2345 666 2405 igitur
701 2341 956 2389 hominem
992 2345 1201 2406 cognovi
1239 2348 1292 2388 et
1326 2341 1504 2388 studiis
1539 2343 1739 2403 optimis

737 2462 750 2486 ¹
784 2463 934 2504 Klotz:
967 2478 1018 2503 ex
1039 2465 1090 2503 iis
1111 2463 1267 2503 Nobbe.

654 2515 673 2541 ²
705 2516 915 2567 Madv-592
947 2519 1137 2558 feceram
1159 2517 1315 2558 Nobbe.

263 2580 324 2629 56
