1837 3029
845 194 1099 246 CICERO

229 338 401 378 autem
425 329 591 376 ’tribuo
614 344 991 390 nonnumquam
1017 330 1065 372 in
1090 325 1284 389 vulgus,
1306 325 1396 373 sed
1417 325 1713 389 plerumque

228 407 536 458 necessariis,
572 409 629 449 ut
671 402 764 448 hoc
799 409 1045 463 tempore.
1116 400 1245 446 Nam
1281 417 1395 446 cum
1436 400 1493 446 T.
1531 401 1714 463 Ampio

229 480 385 526 Balbo
422 477 542 524 mihi
580 494 776 523 summa
812 475 1124 522 familiaritas
1161 474 1583 538 necessitudoque
1619 483 1712 522 est.

230 555 349 600 Eius
389 553 644 606 libertum,
682 551 738 597 T.
780 551 1021 612 Ampium
1063 549 1423 605 Menandrum,
1460 548 1715 597 hominem

228 629 359 691 frugi
393 635 446 674 et
478 627 765 673 modestum
798 632 852 672 et
882 631 1096 687 patrono
1129 631 1182 671 et
1214 624 1356 671 nobis
1388 623 1718 672 vehementer

226 705 514 766 probatum,
571 701 663 747 tibi
721 700 1021 747 commendo
1078 702 1319 745 maiorem
1384 702 1434 744 in
1493 698 1714 746 modum.

226 778 572 825 Vehementer
605 774 725 820 mihi
758 782 961 838 gratum
995 772 1191 829 feceris,
1224 776 1282 829 si,
1316 774 1716 837 quibuscumque

226 854 375 899 rebus
427 854 535 897 sine
587 857 678 896 tua
729 848 961 896 molestia
1011 851 1218 911 poteris,
1271 850 1316 894 ei
1368 848 1713 896 commodaris.

226 927 376 986 Quod
413 932 471 973 ut
506 924 678 980 facias,
714 931 768 972 te
806 923 1138 972 vehementer
1174 925 1329 970 etiam
1367 929 1524 987 atque
1562 925 1715 971 etiam

226 1019 363 1066 rogo.

890 1137 1058 1185 LXXI

481 1286 536 1319 M.
572 1285 617 1317 Τ.
654 1286 694 1317 C.
731 1285 769 1316 S.
807 1285 853 1316 D.
892 1283 935 1315 P.
971 1283 1195 1314 SERVILIO
1230 1281 1472 1314 COLLEGAE

746 1398 930 1444 Romae,
951 1410 978 1437 A
1002 1409 1084 1437 u.c.
1107 1398 1203 1438 708.

293 1518 486 1565 Multos
511 1517 603 1564 tibi
628 1514 979 1563 commendem
1005 1529 1210 1560 necesse
1241 1514 1586 1575 est,quonium
1615 1529 1718 1560 om-

230 1595 376 1642 nibus
416 1599 535 1639 nota
572 1598 741 1637 nostra
778 1588 1098 1636 necessitudo
1135 1594 1214 1634 est
1249 1594 1441 1650 tuaque
1480 1603 1602 1651 erga
1636 1603 1717 1633 me

227 1667 598 1717 benevolentia.
667 1665 768 1712 Sed
800 1671 974 1711 tamen
1008 1666 1102 1710 etsi
1137 1665 1358 1709 omnium
1394 1678 1560 1717 causa,
1595 1678 1717 1724 quos

227 1742 543 1794 commendo,
586 1740 712 1786 velle
754 1740 935 1794 debeo,
975 1746 1149 1785 tamen
1192 1754 1306 1783 cum
1347 1737 1578 1783 omnibus
1619 1753 1717 1783 non

229 1818 406 1865 eadem
444 1815 562 1861 mihi
598 1830 749 1860 eausa
783 1820 875 1859 est.
944 1812 999 1858 T.
1036 1812 1255 1875 Agusius
1291 1816 1344 1857 et
1376 1826 1543 1856 comes
1577 1826 1718 1856 meus

229 1892 325 1939 fuit
368 1891 451 1937 illo
498 1892 774 1935 miserrimo
820 1895 1050 1949 tempore
1097 1892 1150 1932 et
1195 1887 1418 1932 omnium
1463 1887 1718 1940 itinerum,

228 1969 625 2031 navigationum,
652 1964 894 2015 laborum,
917 1961 1250 2024 periculorum
1274 1976 1501 2006 meorum
1524 1961 1684 2006 socius
1707 1974 1718 2015 ;

228 2058 395 2104 neque
438 2039 529 2086 hoc
573 2046 800 2099 tempore
842 2037 1150 2084 discessisset
1192 2052 1221 2081 a
1262 2051 1361 2089 me,
1402 2036 1494 2080 nisi
1537 2050 1632 2097 ego
1672 2036 1718 2081 ei

228 2118 580 2179 permisissem.
650 2113 819 2171 Quare
870 2114 938 2158 sic
988 2111 1079 2157 tibi
1130 2125 1246 2156 eum
1296 2108 1613 2164 commendo,
1662 2115 1719 2156 ut

231 2207 381 2237 unum
431 2190 495 2236 de
541 2191 665 2234 meis
712 2187 999 2234 domesticis
1046 2191 1100 2232 et
1144 2186 1364 2230 maxime
1411 2185 1717 2230 necessariis.

229 2266 528 2329 Pergratum
579 2261 698 2308 mihi
747 2261 943 2313 feceris,
991 2264 1027 2306 si
1080 2276 1195 2306 eum
1245 2262 1317 2305 ita
1346 2259 1614 2313 ‘trac-tans,
1662 2264 1720 2305 ut

233 2339 515 2403 intellegat,
558 2337 686 2384 hanc
727 2335 1219 2383 commendationem
1262 2333 1355 2380 sibi
1399 2349 1585 2396 magno
1626 2349 1718 2379 usu

227 2424 384 2477 atque
420 2414 715 2460 adiumento
749 2410 917 2457 fuisse.

510 2579 528 2598 ⁰
558 2572 651 2612 The
671 2570 773 2612 tuba
796 2570 898 2611 belli
918 2569 1095 2615 civilem
1127 2581 1198 2609 see
1219 2567 1262 2609 ii.
1291 2570 1357 2608 16.
1378 2568 1419 2607 3.

238 2638 328 2687 162
