1837 3029
893 175 1145 222 CICERO

272 306 467 352 dicione
522 306 695 351 Cicero
753 303 1142 367 pulcherrimum
1205 302 1397 350 factum
1444 305 1767 367 vituperabit,

274 412 423 457 quam
458 394 627 441 Bestia
661 400 715 440 et
746 393 946 439 Clodius
980 391 1350 455 reprehendere
1383 392 1510 439 illius
1544 393 1767 439 consula-

224 491 247 528 2
274 491 382 529 tum
418 483 548 528 soliti
584 482 740 529 sunt?
812 480 1115 527 Sustinuisse
1152 480 1271 527 mihi
1306 481 1547 543 gloriatur
1580 482 1765 529 bellum

274 573 463 618 Antoni
485 578 689 634 togatus
717 570 890 617 Cicero
913 577 1107 616 noster:
1140 570 1259 632 quid
1285 569 1377 616 hoc
1399 569 1517 616 mihi
1545 571 1766 632 prodest,

273 664 311 707 si
338 678 529 706 merces
563 660 753 706 Antoni
787 662 1010 721 oppressi
1046 662 1265 720 poscitur
1298 662 1348 705 in
1384 659 1574 705 Antoni
1603 659 1765 706 locum

274 752 518 795 successio
540 755 593 795 et
609 751 648 795 si
666 748 848 794 vindex
871 748 997 793 illius
1019 747 1135 793 mali
1153 755 1326 793 auctor
1347 750 1543 794 exstitit
1565 748 1767 795 alterius

273 835 664 882 fundamentum
691 841 744 881 et
764 834 955 880 radices
982 833 1199 879 habituri
1223 834 1438 880 altiores.
1504 833 1584 881 Sic
1610 838 1768 897 patia-

272 942 398 979 mur,
426 931 482 970 ut
508 927 606 970 iam
634 927 747 978 ista,
775 940 904 986 quae
932 922 1069 977 facit,
1096 922 1491 969 dominationem
1518 939 1582 969 an
1612 923 1766 970 domi-

275 1030 394 1060 num
417 1030 480 1060 an
502 1014 781 1059 Antonium
802 1015 1028 1058 timentis
1049 1012 1182 1058 sint?
1228 1011 1337 1076 Ego
1358 1018 1531 1059 autem
1551 1016 1765 1076 gratiam

275 1119 373 1149 non
400 1101 580 1157 habeo,
606 1103 646 1148 si
673 1104 799 1164 quis,
826 1101 945 1147 dum
974 1117 1035 1146 ne
1071 1103 1198 1147 irato
1232 1103 1434 1156 serviat,
1467 1117 1574 1147 rem
1607 1104 1766 1164 ipsam

273 1208 371 1237 non
420 1190 736 1253 deprecatur.
822 1189 984 1235 Immo
1031 1188 1314 1251 triumphus
1359 1196 1413 1236 et
1457 1191 1765 1252 stipendium

272 1287 325 1327 et
369 1280 599 1327 omnibus
638 1278 853 1325 decretis
900 1277 1138 1332 hortatio,
1176 1294 1238 1324 ne
1278 1281 1381 1325 cius
1420 1278 1612 1341 pudeat
1653 1297 1767 1326 con-

274 1372 530 1432 cupiscere
558 1367 831 1422 fortunam,
860 1370 997 1413 cuius
1027 1384 1211 1413 nomen
1238 1371 1514 1430 susceperit
1539 1385 1548 1414 :
1593 1385 1767 1416 consu-

224 1466 249 1505 3
274 1458 386 1504 laris
423 1457 516 1504 hoc
551 1464 641 1504 aut
676 1457 927 1503 Ciceronis
965 1456 1085 1503 est?
1155 1456 1404 1514 Quoniam
1441 1456 1562 1503 mihi
1597 1464 1766 1505 tacere

273 1564 371 1593 non
398 1547 554 1602 licuit,
581 1546 738 1610 legeS‚
767 1563 896 1608 quae
924 1546 1016 1591 tibi
1044 1562 1248 1592 necesse
1278 1553 1354 1592 est
1381 1546 1595 1592 molesta
1621 1563 1729 1593 esse
1756 1563 1766 1603 3

273 1639 464 1683 etenim
501 1639 608 1699 ipse
645 1638 826 1690 sentio,
865 1641 1055 1697 quanto
1093 1651 1206 1680 cum
1244 1634 1412 1681 dolore
1451 1633 1575 1682 haec
1612 1635 1676 1682 ad
1712 1642 1764 1682 te

269 1728 570 1787 scripserim,
602 1741 694 1770 noc
726 1727 916 1786 ignoro,
949 1723 1069 1786 quid
1099 1726 1286 1769 sentias
1319 1726 1368 1769 in
1398 1741 1451 1770 re
1482 1723 1682 1786 publica
1712 1731 1765 1771 et

271 1831 423 1877 quam
465 1813 792 1876 desperatum
834 1829 1034 1875 quoque
1076 1815 1238 1858 sanari
1280 1819 1427 1874 putes
1469 1829 1631 1875 posse,
1673 1830 1764 1860 nec

270 1901 557 1948 mehercule
580 1909 652 1958 te,
674 1902 864 1956 Attice,
888 1900 1220 1963 reprehendo,
1244 1908 1384 1948 aetas
1409 1904 1560 1957 enim,
1583 1919 1762 1957 mores,

269 1991 410 2038 liberi
434 2007 644 2054 segnem
669 1991 908 2044 efficiunt,
935 1990 1069 2052 quod
1094 1990 1298 2052 quidem
1324 1994 1479 2037 etiam
1505 2007 1567 2037 ex
1594 1991 1761 2038 Flavio

221 2088 245 2125 4
272 2086 440 2126 nostro
486 2082 734 2142 perspexi.
806 2077 905 2125 Sed
948 2079 1101 2125 redeo
1145 2078 1209 2125 ad
1253 2079 1581 2126 Ciceronem:
1644 2080 1763 2142 quid

270 2172 401 2215 inter
448 2168 787 2215 Salvidienum
836 2175 890 2214 et
937 2185 1053 2214 eum
1101 2171 1313 2215 interest
1338 2169 1355 2215 ?
1421 2168 1541 2232 quid
1589 2176 1761 2216 autem

269 2257 480 2319 amplius
505 2258 585 2304 ille
611 2258 909 2304 decerneret
934 2258 951 2303 ?
1021 2257 1047 2272 “
1073 2257 1292 2313 Timet‚'’
1317 2261 1528 2321 inquies,
1553 2258 1579 2274 ‘⁴
1606 2262 1760 2306 etiam

275 2364 405 2392 nunc
428 2347 660 2408 reliquias
684 2346 799 2391 belli
823 2345 1026 2392 civilisss’
1084 2346 1361 2409 Quisquam
1383 2364 1502 2411 ergo
1525 2351 1595 2393 ita
1618 2351 1766 2396 timet

333 2479 351 2497 ⁰
384 2474 438 2521 Q.
460 2471 738 2512 Salvidienus
768 2473 924 2516 Rufus,
942 2487 964 2511 a
993 2487 1093 2512 man
1119 2474 1170 2512 of
1188 2473 1373 2514 obscure
1393 2475 1536 2526 origin
1554 2474 1652 2515 who
1677 2474 1763 2515 had

273 2526 424 2567 bound
449 2540 508 2578 up
532 2527 598 2566 his
621 2527 795 2566 fortune
820 2527 921 2566 with
947 2527 1039 2566 that
1063 2529 1113 2566 of
1131 2528 1363 2568 Octavian.

268 2599 360 2641 676
