1837 3029
869 163 1120 211 CICERO

257 291 378 353 quid
421 291 602 337 obsint.
674 291 800 338 lllud
843 299 1020 339 caveto
1062 293 1138 355 (et
1180 309 1239 340 eo
1282 299 1424 355 puto,
1466 309 1556 355 per
1599 291 1737 339 Pom-

258 381 461 439 ponium
499 377 767 425 fovendum
806 380 896 425 tibi
933 395 1041 425 csse
1077 382 1240 442 ipsum
1278 379 1643 442 Hortensium),
1678 394 1740 425 ne

260 464 339 511 illc
374 483 560 520 versus,
593 469 676 528 qui
712 469 760 511 in
795 473 846 512 te
881 473 991 512 erat
1023 466 1249 522 collatus,
1282 483 1395 514 cum
1429 465 1739 514 aedilitatem

259 554 487 614 petebam,
505 553 567 599 de
586 552 697 616 lege
717 553 938 605 Aurelia,
957 552 1080 600 falso
1098 557 1387 601 testimonio
1404 554 1740 601 confirmetur.

258 639 389 685 Nihil
433 643 565 686 enim
608 647 713 687 tam
756 644 929 695 timeo,
971 659 1122 704 quam
1165 658 1246 697 ne,
1287 659 1400 688 cum
1442 641 1742 705 intellegant

256 725 499 782 homines,
538 735 784 791 quantum
823 729 1191 776 misericordiae
1230 729 1372 776 nobis
1410 735 1530 776 tuae
1569 744 1742 791 preces

257 820 311 860 et
339 821 427 861 tua
457 814 588 861 salus
618 815 830 862 allatura
858 819 939 871 sit,
968 823 1267 880 oppugnent
1295 823 1348 863 te
1378 815 1741 863 vehementius.

207 908 231 948 9
260 901 530 948 Messalam
568 906 643 949 tui
680 904 960 950 studiosum
999 920 1107 950 esse
1145 904 1392 958 arbitror3
1448 903 1741 966 Pompeium

257 992 411 1036 etiam
447 989 789 1038 simulatorem
825 998 965 1054 puto.
1034 990 1134 1038 Sed
1169 990 1293 1038 haec
1330 994 1523 1038 utinam
1559 1007 1622 1038 ne
1659 1007 1742 1037 ex-

256 1080 450 1139 periare
473 1078 483 1124 !
525 1078 661 1142 quod
683 1095 914 1141 precarer
937 1079 1075 1135 deos,
1098 1082 1190 1125 nisi
1213 1095 1351 1126 meas
1374 1095 1548 1142 preces
1571 1078 1742 1125 audire

256 1165 519 1212 desissent.
588 1166 952 1213 Verumtamen
1018 1183 1209 1229 precor,
1276 1174 1333 1213 ut
1398 1165 1472 1212 his
1538 1165 1742 1212 infinitis

256 1256 436 1299 nostris
485 1253 627 1300 malis
677 1257 902 1301 contenti
952 1257 1069 1309 sint,
1119 1257 1167 1300 in
1218 1255 1397 1317 quibus
1448 1270 1546 1300 non
1594 1253 1742 1299 modo

257 1346 429 1387 tamen
458 1340 638 1387 nullius
666 1345 798 1388 inest
827 1332 1020 1404 peccati
1050 1341 1272 1396 infamia,
1300 1342 1390 1388 sed
1417 1344 1576 1388 omnis
1605 1340 1743 1388 dolor

257 1435 351 1483 est,
375 1429 510 1491 quod
534 1432 725 1491 optime
749 1428 894 1476 factis
918 1446 1082 1492 poena
1107 1436 1184 1476 est
1208 1432 1427 1475 maxima
1450 1431 1740 1475 constituta.

181 1521 231 1560 10
257 1515 430 1561 Filiam
456 1533 622 1562 meam
649 1524 702 1563 et
737 1524 896 1572 tuam,
933 1517 1328 1579 Ciceronemque
1354 1523 1597 1571 nostrum,
1622 1515 1742 1579 quid

257 1619 368 1666 ego,
387 1607 452 1649 mi
473 1602 645 1659 frater,
663 1605 755 1650 tibi
773 1605 1123 1651 commendem
1146 1604 1164 1650 ?
1233 1604 1366 1663 Quin
1384 1603 1506 1651 illud
1523 1619 1742 1658 maereo,

255 1691 390 1754 quod
407 1692 499 1738 tibi
518 1709 614 1737 non
633 1695 876 1738 minorem
894 1692 1116 1739 dolorem
1134 1691 1327 1739 illorum
1345 1692 1532 1738 orbitas
1548 1690 1742 1745 afferet,

255 1795 406 1840 quarn
436 1778 571 1824 mihi.
640 1779 757 1834 Sed,
786 1787 839 1826 te
869 1779 1120 1834 incolumi,
1149 1780 1255 1825 orbi
1285 1796 1384 1826 non
1414 1786 1576 1825 erunt.
1647 1778 1740 1824 Re-

254 1864 407 1928 liqua,
450 1869 520 1912 ita
565 1865 683 1912 mihi
728 1866 858 1913 salus
903 1867 1067 1929 aliqua
1112 1867 1278 1922 detur,
1321 1873 1648 1929 potestasque
1689 1868 1739 1910 in

256 1957 418 2015 patria
445 1955 707 2008 moriendi,
734 1962 791 2001 ut
817 1971 898 2001 me
925 1954 1158 2001 lacrimae
1187 1972 1284 2000 non
1311 1958 1483 2000 sinunt
1508 1954 1738 2000 scribere.

256 2041 423 2087 Etiam
451 2041 741 2088 Terentiam
771 2042 918 2088 velim
947 2050 1141 2097 tueare,
1169 2041 1391 2104 mihique
1420 2042 1483 2087 de
1511 2041 1739 2087 omnibus

255 2129 403 2174 rebus
424 2131 678 2175 rescribas.
749 2129 822 2176 Sis
843 2129 1002 2186 fortis,
1023 2130 1189 2193 quoad
1209 2133 1279 2175 rei
1301 2136 1481 2175 natura
1501 2132 1737 2191 patietur.

257 2215 428 2263 Idibus
453 2217 624 2271 Iuniis,
646 2217 1011 2264 Thessalonica.

321 2340 337 2357 ⁰
370 2334 523 2373 Which
553 2349 663 2384 gave
689 2335 761 2375 the
789 2336 951 2374 indic-ia
978 2340 1021 2374 to
1049 2335 1121 2375 the
1150 2336 1325 2381 Senato,
1354 2334 1427 2375 the
1450 2335 1626 2387 equites,
1650 2333 1736 2373 and

258 2386 331 2428 the
352 2389 519 2428 tribuni
539 2390 717 2428 aerarii.
773 2389 851 2429 We
871 2389 928 2429 do
946 2394 1021 2429 not.
1042 2388 1173 2429 know
1190 2389 1308 2428 what
1328 2388 1401 2428 the
1420 2390 1619 2440 epigram
1635 2401 1737 2435 was,

258 2454 307 2481 or
327 2441 520 2482 whether
540 2442 733 2491 Quintus
753 2443 889 2494 really
911 2447 1043 2484 wrote
1063 2445 1110 2484 it.

327 2495 342 2519 ¹²
373 2496 533 2538 Consul
558 2498 661 2536 with
689 2498 750 2537 M.
776 2498 875 2538 Piso
896 2499 938 2537 in
961 2501 1027 2537 61.

261 2559 354 2607 463
