1837 3029
870 200 1120 247 CICERO

254 327 335 373 alii
375 329 580 389 putant)
619 327 751 374 hunc,
791 345 943 374 unum
984 345 1113 384 esse,
1151 333 1237 392 qui
1276 328 1444 376 vellet.
1511 329 1735 388 Quorum

254 411 426 449 'samen
459 404 577 450 nihil
605 412 681 450 esf
713 406 974 462 eiusmodi,
1000 412 1057 451 ut
1084 422 1179 469 ego
1203 422 1285 452 me
1311 423 1411 452 non
1435 405 1597 452 multa
1624 423 1738 453 con-

254 480 498 527 solatione
540 482 767 543 quotidie
808 481 1028 537 leniam3
1077 483 1167 529 sed
1206 481 1291 528 illa
1332 484 1430 529 erit
1464 482 1739 529 consolatio

255 562 493 613 maxima,
513 562 551 603 si
574 575 673 604 una
695 562 879 605 erimus
902 574 914 615 ;
953 576 1085 605 nune
1106 559 1170 606 ad
1190 559 1273 605 illa
1293 558 1372 606 vel
1390 563 1739 624 gravissimum

206 643 229 679 5
254 636 448 681 accedit
468 638 544 681 tui
565 636 887 682 desiderium.
955 636 1227 683 Gabinium
1249 640 1306 692 si,
1327 643 1386 683 ut
1407 636 1569 684 Pansa
1589 643 1740 700 putat

253 716 553 773 oportuisse,
609 712 969 768 defendissem,
1023 714 1351 761 concidissem
1376 729 1387 769 ;
1458 717 1543 777 qui
1599 713 1738 761 illum

252 790 472 836 oderunt
485 789 555 853 (hi
573 797 692 837 sunt
706 794 804 837 toti
824 791 1064 854 ordines),
1084 798 1293 853 propter
1312 808 1464 855 quem
1483 791 1739 847 oderunt,¹

252 870 501 929 meipsum
518 868 683 914 odisse
699 871 1001 930 coepissent.
1067 867 1230 914 Tenui
1245 885 1347 924 me,
1363 875 1422 915 ut
1438 875 1582 931 puto,
1598 884 1740 932 egre-

253 947 353 1006 gie,
389 951 593 991 tantum
628 952 687 991 ut
721 944 961 1001 facerem,
996 952 1244 1008 quantum
1281 962 1456 993 omnes
1492 946 1738 993 viderent.

255 1022 320 1066 sz
356 1025 407 1067 in
443 1026 578 1069 omni
613 1039 828 1078 summa,
862 1029 921 1069 ut
953 1039 1148 1079 mones,
1183 1022 1329 1070 valde
1363 1039 1446 1070 me
1482 1023 1547 1070 ad
1581 1026 1740 1070 otium

206 1107 229 1143 (j
251 1115 534 1163 pacemque
579 1107 835 1147 converto.
904 1100 984 1146 De
1030 1100 1167 1147 libris
1212 1100 1467 1164 Tyrannio
1514 1107 1594 1148 est
1637 1117 1742 1148 ces-

252 1184 404 1223 sator.
472 1175 753 1240 Chrysippo
797 1178 976 1223 dicam.
1045 1177 1146 1225 Sed
1188 1194 1267 1224 res
1312 1194 1524 1240 operosa
1566 1184 1646 1225 est
1688 1184 1743 1225 et

253 1252 467 1300 hominis
506 1254 874 1317 perdiligentis.
941 1254 1116 1302 Sentio
1156 1257 1283 1317 ipse,
1325 1259 1411 1318 qui
1453 1258 1503 1302 in
1545 1272 1742 1302 summo

253 1331 421 1377 studio
449 1330 571 1376 nihil
600 1348 853 1393 assequor.
923 1331 1003 1377 De
1034 1331 1229 1378 Latinis
1257 1348 1392 1388 vero,
1420 1349 1520 1395 quo
1546 1339 1741 1378 vertam

254 1424 356 1462 me,
389 1411 575 1464 neseio,
607 1411 680 1454 ita
715 1408 958 1455 mendose
993 1416 1046 1454 et
1071 1410 1368 1466 ‚scribuntur
1397 1416 1451 1455 et
1487 1416 1741 1464 veneunt3

253 1485 343 1530 sed
372 1491 564 1540 tamen,
592 1485 728 1548 quod
756 1485 862 1531 fieri
892 1488 1099 1547 poterit,
1128 1503 1228 1532 non
1256 1485 1542 1550 neglegam.
1625 1485 1742 1533 Cre-

252 1561 407 1611 brius,
430 1569 487 1608 ut
509 1569 629 1608 ante
652 1563 716 1609 ad
738 1569 791 1608 te
813 1565 1003 1625 scripsi,
1026 1562 1216 1609 Romae
1240 1569 1319 1609 est
1341 1578 1353 1618 ς
1393 1569 1447 1610 et
1468 1566 1553 1627 qui
1575 1566 1743 1610 onmia

252 1654 305 1684 se
332 1639 532 1685 adiurat
556 1639 743 1685 debere
768 1640 881 1695 tibi,
901 1638 1046 1686 valde
1071 1638 1374 1686 renuntiat.2
1441 1639 1522 1686 De
1549 1642 1741 1694 aerario

254 1723 378 1777 puto
403 1714 693 1762 confectum
719 1733 846 1772 esse,
871 1716 991 1762 dum
1016 1717 1209 1763 absum.

203 1799 227 1838 7
317 1793 574 1850 Quattuor
619 1794 908 1855 tragoedias
955 1809 1055 1840 xvl.
1098 1794 1276 1840 diebus
1316 1793 1586 1841 absolvisse
1626 1811 1739 1841 cum

251 1871 456 1925 scribas,
485 1876 543 1916 tu
580 1871 858 1932 quidquam
895 1871 959 1916 ab
996 1870 1092 1917 alio
1122 1871 1406 1917 mutuaris?
1439 1878 1493 1918 et
1528 1870 1740 1920 πλείους3

307 1977 321 2000 ¹
356 1978 437 2016 'l'lee
476 1978 812 2029 extraordinary
847 1978 1138 2018 construction
1172 1977 1224 2030 os
1266 1979 1332 2018 the
1365 1979 1526 2029 phrase
1564 1983 1740 2031 propter

254 2045 384 2082 quein
427 2031 626 2080 oderunt,
660 2033 707 2071 in
746 2032 880 2071 which
919 2045 1051 2084 quem
1086 2033 1122 2071 is
1153 2034 1416 2084 apparently
1443 2034 1658 2085 yoverned
1688 2033 1740 2085 by

257 2086 348 2125 both
381 2086 447 2124 tho
474 2086 743 2137 proposition
773 2087 863 2126 and
893 2087 960 2125 the
989 2086 1101 2132 verb,
1132 2087 1208 2125 has
1237 2088 1414 2138 escaped
1444 2088 1510 2127 the
1537 2087 1674 2127 notice
1692 2086 1744 2138 of

253 2145 592 2180 comnmztalors.
651 2140 718 2179 We
738 2145 850 2179 must
869 2141 1002 2179 either
1023 2154 1207 2191 suppose
1223 2142 1313 2179 that
1333 2155 1432 2180 cum
1450 2142 1526 2181 has
1542 2142 1738 2193 dropped

251 2198 323 2233 out
345 2194 459 2244 oster
480 2198 670 2245 propter,
692 2208 740 2233 or
760 2208 906 2234 accuse
931 2194 1077 2234 Cicero
1097 2194 1150 2245 of
1162 2209 1189 2233 (ι
1208 2195 1414 2236 solecism.

316 2247 331 2269 ²
362 2247 487 2287 valde
507 2252 547 2287 te
566 2262 683 2287 nune
702 2250 833 2288 iactat
851 2248 1017 2298 (abus-es
1035 2249 1136 2299 yon)
1156 2248 1276 2288 Boot.

263 2299 330 2394 U³
362 2301 485 2352 Prof.
507 2301 728 2341 Robinson
751 2301 898 2342 Ellis:
934 2302 1079 2350 Τπλέος
1108 2313 1238 2342 MSS.:
1271 2303 1382 2341 κλέος
1410 2300 1583 2343 Nobbe:
1613 2303 1738 2342 πάθος

303 2368 436 2394 senor.

315 2485 333 2503 ⁰
367 2480 383 2518 I
403 2493 532 2529 agree
550 2479 651 2518 with
674 2479 880 2519 Prichard
899 2479 986 2519 and
1009 2479 1204 2519 Rei-nard
1221 2479 1316 2520 that
1333 2493 1454 2520 some
1471 2480 1577 2520 such
1595 2479 1737 2521 words

256 2546 305 2574 as
328 2533 352 2549 ‘⁴
370 2534 477 2573 mihi
497 2532 750 2573 faciendum
773 2547 865 2574 esse
880 2533 904 2549 ''
928 2547 1002 2574 are
1025 2533 1291 2575 understood
1311 2535 1425 2575 after
1445 2535 1654 2576 viderent.

260 2602 355 2651 594
