1837 3029
869 210 1118 257 CICERO

253 343 307 383 et
349 338 554 385 utilitati
597 339 848 402 salutique
887 344 1088 387 servire.
1157 339 1282 386 Cum
1320 356 1437 386 vero
1477 340 1521 385 ei
1562 338 1731 399 generi

253 406 508 455 hominum
541 414 836 471 praesimus,
868 427 966 456 non
999 410 1148 457 niodo
1180 412 1230 455 in
1263 426 1362 471 quo
1393 411 1501 471 ipsa
1532 411 1615 462 sit,
1646 406 1733 453 sed

253 481 407 524 etiam
441 495 468 524 a
500 496 599 541 quo
631 480 693 526 ad
726 479 846 525 alios
876 483 1162 542 pervenisse
1193 486 1404 541 putetur
1431 477 1734 531 humanitas,

252 556 390 595 certe
414 551 471 594 iis
497 565 607 594 eam
633 553 945 610 potissimum
972 551 1193 596 tribuere
1218 550 1480 604 debemus,
1504 565 1531 594 a
1556 548 1735 611 quibus

177 624 230 662 28
252 621 550 679 accepimus.
620 619 731 666 Non
767 624 898 666 enim
934 637 1015 666 me
1048 619 1141 667 hoc
1175 623 1273 665 iam
1307 620 1473 666 dicere
1506 618 1736 681 pudebit,

180 2104 233 2143 30

252 691 547 748 praesertim
571 692 621 735 in
647 706 707 736 ea
731 693 831 736 vita
857 698 1011 752 atque
1035 693 1092 736 iis
1115 691 1264 736 rebus
1287 692 1462 753 gestis,
1484 691 1532 734 in
1556 689 1735 751 quibus

254 775 353 803 non
399 766 572 820 potest
611 760 831 807 residere
872 764 1084 806 inertiae
1128 767 1216 806 aut
1258 759 1476 806 levitatis
1518 758 1618 804 ulla
1657 774 1736 804 su-

253 832 424 890 spicio,
453 846 540 875 nos
579 846 656 885 ea,
685 847 815 893 quae
852 834 1105 877 consecuti
1143 847 1330 884 sumus,
1360 828 1435 875 his
1470 829 1648 875 studiis
1683 834 1737 874 et

254 900 445 945 artibus
470 916 577 945 esse
603 901 832 962 adeptos,
856 918 985 963 quae
1010 904 1110 946 sint
1134 901 1275 947 nobis
1299 900 1541 946 Graeciae
1562 915 1737 945 monu-

254 973 438 1016 mentis
469 970 840 1033 disciplinisque
871 972 1107 1018 traditae.
1175 971 1344 1029 Quare
1374 976 1578 1033 praeter
1605 985 1737 1015 com-

254 1056 459 1086 munem
487 1041 657 1096 fidem,
684 1058 814 1104 quae
842 1043 1072 1088 omnibus
1097 1042 1333 1097 debetur,
1356 1048 1624 1104 praeterea
1645 1054 1733 1086 nos

255 1113 336 1157 isti
371 1109 629 1158 hominum
662 1115 836 1174 generi
866 1116 1136 1174 praecipue
1168 1113 1356 1159 debere
1387 1112 1632 1167 videmur,
1651 1117 1728 1166 ut,

255 1198 467 1244 quorum
511 1185 795 1244 praeceptis
839 1183 1021 1230 eruditi
1066 1186 1237 1238 simus,
1283 1183 1417 1245 apud
1462 1199 1546 1229 eos
1588 1184 1737 1244 ipsos,

255 1252 390 1313 quod
413 1253 476 1298 ab
499 1256 556 1298 iis
579 1253 916 1308 didicerimus,
938 1252 1147 1299 velimus
1171 1269 1483 1315 expromere.
1548 1252 1611 1298 X.
1647 1252 1737 1298 At-

257 1339 355 1384 que
383 1321 466 1368 ille
496 1323 700 1384 quidem
729 1327 961 1385 princeps
989 1327 1158 1386 ingeni
1191 1330 1244 1370 et
1272 1324 1549 1379 doctrinae,
1577 1321 1738 1376 Plato,

258 1399 367 1439 turn
398 1393 618 1456 denique
650 1392 757 1440 sore
788 1395 966 1441 beatas
995 1393 1302 1456 respublicas
1332 1396 1549 1456 putavit,
1579 1395 1619 1440 si
1651 1399 1739 1439 aut

257 1463 392 1510 docti
435 1481 491 1510 ac
532 1468 787 1527 sapientes
827 1463 1055 1511 homines
1097 1480 1181 1510 eas
1222 1481 1400 1527 regere
1440 1466 1740 1526 coepissent,

257 1538 364 1586 aut,
398 1535 484 1594 qui
517 1538 774 1595 regerent,
808 1548 957 1578 omne
991 1548 1136 1578 suum
1171 1532 1395 1578 studium
1429 1535 1480 1577 in
1514 1532 1740 1578 doctrina

259 1617 315 1647 ac
336 1605 584 1664 sapientia
606 1602 947 1649 collocassent.
1016 1601 1160 1648 Hanc
1181 1605 1584 1648 coniunctionem
1607 1600 1740 1647 vide-

256 1671 375 1719 licet
406 1676 674 1733 potestatis
707 1690 763 1718 ac
795 1676 1073 1735 sapientiae
1106 1672 1254 1719 saluti
1296 1675 1492 1719 censuit
1528 1674 1740 1717 civitati-

258 1743 349 1789 bus
383 1758 491 1788 esse
523 1759 684 1805 posse.
754 1743 902 1801 Quod
933 1742 1146 1789 fortasse
1179 1742 1447 1804 aliquando
1481 1746 1739 1788 universae

256 1812 560 1875 reipublicae
594 1820 814 1868 nostrae,
848 1830 980 1859 nunc
1014 1813 1219 1875 quidem
1253 1811 1481 1874 profecto
1513 1815 1597 1859 isti
1629 1828 1740 1874 pro-

256 1887 447 1930 vinciae
489 1887 720 1943 contigit,
763 1890 820 1929 ut
862 1886 900 1928 is
944 1886 993 1928 in
1039 1899 1099 1928 ea
1141 1899 1388 1928 summam
1429 1889 1737 1945 potestatem

256 1953 486 2009 haberet,
509 1957 587 2000 cui
612 1957 659 1998 in
684 1953 927 2007 doctrina,
951 1956 1027 1998 cui
1053 1956 1101 1998 in
1126 1956 1312 1998 virtute
1336 1959 1491 2015 atque
1513 1953 1739 2000 humani-

256 2032 365 2072 tate
390 2025 711 2087 percipienda
737 2024 1004 2086 plurimum
1032 2041 1059 2068 a
1086 2026 1301 2086 pueritia
1325 2023 1460 2069 studi
1486 2022 1662 2070 fuisset
1688 2030 1740 2070 et

257 2098 511 2157 temporis.
580 2095 748 2152 Quare
772 2111 908 2148 cura,
933 2101 991 2140 ut
1014 2093 1093 2140 hic
1118 2110 1295 2147 annuS‚
1320 2096 1403 2155 qui
1430 2094 1493 2140 ad
1518 2093 1736 2141 laborem

257 2173 401 2211 tuum
444 2168 670 2220 accessit,
710 2164 845 2211 idem
889 2164 952 2211 ad
993 2163 1208 2210 salutem
1251 2164 1403 2209 Asiae
1443 2170 1739 2227 prorogatus

257 2251 365 2282 esse
402 2235 648 2281 videatur.
716 2233 966 2292 Quoniam
1004 2236 1055 2279 in
1092 2240 1146 2280 te
1183 2233 1450 2280 retinendo
1486 2231 1585 2279 fuit
1619 2233 1741 2280 Asia

315 2442 333 2461 ⁰
364 2435 654 2476 VVeaknesses
676 2440 751 2475 not
771 2434 996 2475 unknown
1019 2437 1060 2474 in
1084 2434 1156 2475 the
1177 2432 1323 2475 Greek
1344 2433 1585 2481 character,
1599 2433 1738 2474 which

254 2491 405 2532 Cicero
425 2491 577 2530 claims
599 2495 642 2528 to
666 2491 775 2529 have
795 2489 996 2530 avoided.

319 2545 335 2569 ⁶
365 2545 430 2584 De
451 2545 558 2595 [ι’ρρ.
581 2548 664 2584 473
683 2557 728 2584 D.

265 2627 359 2667 418
