1837 3029
879 175 1129 222 CICERO

256 305 500 360 tentibus,
527 322 656 368 quae
678 305 1011 367 cupiditatem
1041 310 1095 351 et
1120 307 1462 367 arrogantiam
1483 302 1750 349 incendere

207 397 232 438 3
257 395 462 454 possint.
534 391 647 449 Qua
677 395 727 437 in
757 409 830 447 re,
862 392 1052 447 Cicero,
1079 394 1150 438 vir
1182 395 1372 455 optime
1404 397 1558 453 atque
1588 389 1750 437 fortis-

255 482 380 526 sime
412 478 634 541 mihique
665 482 846 526 merito
873 486 926 526 et
956 495 1070 526 meo
1100 481 1302 525 nomine
1335 484 1389 525 et
1419 481 1492 524 rei
1521 477 1750 541 publicae

255 569 525 623 carissime,
551 569 696 613 nimis
728 567 933 613 credere
964 567 1144 614 videris
1170 569 1278 629 spei
1308 573 1429 612 tuae
1455 568 1750 628 statimque,

257 661 310 700 ut
339 656 551 718 quisque
582 654 770 718 aliquid
801 661 939 701 recte
968 654 1165 709 fecerit,
1199 657 1367 701 omnia
1400 653 1521 700 dare
1553 669 1610 699 ac
1640 668 1750 715 per-

256 744 480 798 mittere,
519 745 663 806 quasi
702 758 802 789 non
841 742 992 789 liceat
1032 741 1228 789 traduci
1274 741 1339 788 ad
1380 741 1513 788 mala
1549 739 1752 787 consilia

255 836 548 892 corruptum
600 830 949 893 largitionibus
1004 833 1243 876 animum.
1333 828 1477 887 Quae
1531 835 1622 875 tua
1674 833 1753 874 est

256 916 562 973 humanitas,
599 934 762 981 aequo
800 920 967 964 animo
1009 924 1063 964 te
1105 918 1298 963 moneri
1337 919 1561 979 patieris,
1609 931 1751 978 prae-

255 1008 430 1052 sertim
461 1005 525 1052 de
555 1007 808 1052 communi
839 1005 1032 1052 salute:
1081 1004 1234 1051 facies
1268 1011 1460 1059 tamen,
1491 1001 1625 1067 quod
1658 1003 1752 1049 tibi

258 1095 418 1141 visum
441 1092 595 1140 fuerit
618 1108 631 1150 ;
674 1096 830 1140 etiam
855 1110 968 1157 ego,
992 1109 1108 1140 cum
1131 1109 1214 1139 me
1238 1092 1465 1140 docueris
1499 1125 1516 1140 .
1549 1123 1566 1140 .
1599 1123 1616 1141 .

774 1397 848 1445 xl
885 1397 945 1460 (Ι.
983 1403 1012 1444 4
1046 1398 1093 1459 §g
1129 1396 1232 1459 3-6)

603 1542 656 1574 M.
697 1542 885 1574 BRUTUS
921 1543 958 1573 s.
997 1543 1043 1573 D.
1082 1542 1135 1573 M.
1173 1541 1403 1572 CICERONI

751 1633 804 1675 In
826 1636 994 1681 castris,
1017 1647 1150 1675 A.U.C.
1175 1636 1252 1675 711

205 1738 231 1779 3
322 1766 333 1777 .
370 1765 384 1779 .
423 1767 432 1778 .
469 1732 630 1787 Nunc,
663 1730 854 1786 Cicero,
888 1747 1018 1777 nune
1051 1730 1307 1794 agendum
1341 1736 1435 1786 est,
1468 1745 1531 1776 ne
1564 1727 1749 1775 frustra

257 1836 551 1882 oppressum
586 1835 695 1866 esse
729 1819 1009 1865 Antonium
1041 1820 1198 1882 gavisi
1231 1820 1383 1864 simus
1417 1833 1517 1864 neu
1548 1833 1749 1879 semper

257 1910 402 1969 primi
433 1910 673 1969 cuiusque
700 1906 817 1952 mali
845 1906 1109 1952 excidendi
1139 1922 1289 1952 causa
1319 1908 1401 1961 sit,
1427 1911 1484 1952 ut
1514 1904 1650 1951 aliud
1673 1920 1748 1950 re-

206 2002 232 2040 4
257 2001 491 2041 nascatur
519 1995 601 2041 illo
621 1997 777 2057 peius.
851 1993 984 2039 Nihil
1005 1997 1105 2040 iam
1125 2009 1291 2057 neque
1317 1993 1639 2055 opinantibus
1661 1998 1750 2038 aut

257 2083 567 2144 patientibus
598 2082 740 2128 nobis
767 2081 961 2128 adversi
994 2084 1194 2127 evenire
1225 2087 1414 2142 potest,
1438 2083 1490 2126 in
1520 2096 1619 2143 quo
1650 2095 1749 2125 non

256 2187 370 2216 cum
410 2173 634 2216 omnium
673 2169 837 2232 culpa,
876 2176 986 2215 tum
1026 2172 1296 2232 praecipue
1335 2175 1425 2214 tua
1463 2167 1635 2214 futura
1666 2170 1749 2222 sit,

256 2260 394 2304 cuius
420 2265 619 2304 tantam
645 2260 1004 2304 auctoritatem
1025 2264 1230 2303 senatus
1250 2272 1306 2302 ac
1331 2255 1543 2318 populus
1570 2254 1751 2301 Roma-

257 2362 348 2392 nus
380 2362 480 2393 non
509 2345 669 2392 solum
701 2361 809 2391 esse
840 2347 1053 2407 patitur,
1078 2344 1168 2391 sed
1199 2347 1354 2390 etiam
1379 2346 1535 2406 cupit,
1561 2348 1752 2406 quanta

257 2436 476 2480 maxime
511 2435 562 2479 in
599 2432 756 2479 libera
785 2435 991 2479 civitate
1025 2435 1169 2478 unius
1206 2447 1314 2478 esse
1350 2437 1558 2494 potest:
1600 2446 1753 2493 quam

257 2528 314 2567 tu
348 2537 448 2568 non
480 2520 641 2567 solum
675 2521 806 2567 bene
839 2519 1123 2576 sentiendo,
1157 2519 1248 2566 sed
1284 2521 1440 2565 etiam
1476 2517 1755 2581 prudenter

256 2614 346 2656 658
