1837 3029
827 141 1079 190 CICERO

206 290 354 329 nunc,
382 289 497 320 mea
523 272 782 328 Terentia,
808 275 877 318 sic
906 274 1094 327 vexari,
1121 275 1189 318 sic
1216 274 1380 318 iacere
1406 274 1458 318 in
1483 270 1698 318 lacrimis

207 367 260 406 ct
289 360 517 406 sordibus
542 360 550 406 !
599 360 752 422 idque
785 359 890 404 fieri
921 375 1034 404 mea
1064 358 1228 421 culpa,
1259 362 1344 421 qui
1373 365 1570 406 ceteros
1599 374 1699 404 ser-

115 450 334 513 xgjvavi,
364 455 419 493 ut
449 464 536 493 nos
564 450 843 509 periremus
867 446 876 492 !
945 445 1094 504 Quod
1122 446 1186 492 de
1214 446 1363 492 domo
1390 446 1580 501 scribis,
1605 443 1699 491 hoc

209 541 287 580 est
330 535 393 580 de
437 550 572 589 area,
617 549 712 596 ego
754 549 872 579 vero
914 539 1024 579 tum
1067 533 1288 595 denique
1330 531 1452 579 mihi
1494 533 1700 579 videbor

207 625 492 677 restitutus,
527 624 567 667 si
602 620 686 666 illa
720 621 863 666 nobis
899 623 996 666 erit
1029 623 1285 667 restituta.
1354 619 1540 667 Verum
1575 618 1700 665 llaec

208 725 306 754 non
331 715 448 754 sunt
470 711 521 753 in
544 715 715 754 nostra
738 724 907 754 manu.
978 706 1108 753 Illud
1131 706 1296 762 doleo,
1318 723 1450 770 quae
1472 711 1700 768 impensa

208 794 439 841 facienda
458 801 553 850 est,
569 797 619 840 in
637 798 742 840 eius
759 801 958 856 partem
976 801 1029 841 te
1045 797 1279 840 miseram
1298 802 1351 841 et
1366 793 1699 856 despoliatam

207 885 394 928 venire.
463 880 613 940 Quod
658 884 698 928 si
743 881 1006 928 conficitur
1052 885 1333 945 negotium,
1378 884 1547 928 omnia
1584 897 1700 928 con-

204 984 505 1032 sequemur3
544 972 620 1015 sin
653 968 833 1016 eadem
864 985 953 1015 nos
989 967 1194 1015 fortuna
1228 975 1446 1031 premet,
1475 972 1699 1015 etiamne

205 1056 441 1119 reliquias
460 1063 574 1102 tuas
592 1060 776 1102 misera
793 1059 1004 1118 proicies
1027 1057 1046 1103 ?
1114 1056 1338 1103 Obsecro
1356 1063 1428 1112 te,
1446 1072 1560 1102 mea
1579 1059 1700 1111 vita,

207 1144 341 1207 quod
371 1143 435 1190 ad
462 1150 722 1206 sumptum
752 1147 959 1200 attinet,
986 1147 1094 1190 sine
1123 1143 1263 1199 alios,
1290 1147 1376 1206 qui
1403 1150 1633 1206 possunt,
1660 1146 1700 1189 si

206 1232 357 1278 modo
402 1230 594 1286 volunt,
637 1235 905 1286 sustinere,
950 1238 1004 1278 et
1047 1231 1391 1278 valetudinem
1434 1234 1584 1277 istam
1627 1234 1700 1276 in-

207 1319 420 1374 firmam,
456 1322 496 1365 si
533 1335 615 1364 me
653 1335 810 1373 amas,
847 1318 947 1365 noli
985 1335 1185 1365 vexare.
1255 1318 1385 1365 Nam
1421 1317 1543 1364 mihi
1579 1325 1699 1364 ante

206 1406 374 1453 oculos
415 1406 522 1453 dies
564 1413 842 1469 noctesque
884 1410 1110 1454 versaris.
1178 1406 1370 1454 Omnes
1409 1406 1607 1453 labores
1647 1413 1699 1452 te

207 1498 443 1556 excipere
476 1493 658 1541 video:
708 1497 883 1549 timeo,
917 1501 974 1541 ut
1005 1497 1272 1541 sustineas.
1340 1493 1440 1541 Sed
1473 1494 1619 1541 video
1649 1497 1699 1540 in

208 1589 262 1628 te
296 1597 406 1627 esse
439 1585 622 1628 omnia.
693 1581 881 1640 Quare,
915 1589 973 1628 ut
1005 1582 1073 1638 id,
1106 1582 1241 1645 quod
1275 1598 1446 1644 speras
1480 1588 1534 1628 et
1565 1580 1700 1644 quod

157 1677 184 1715 4
209 1673 332 1732 agis,
368 1685 754 1732 consequamur,
788 1673 917 1716 servi
953 1669 1247 1716 valetudini.
1314 1670 1443 1733 Ego,
1478 1669 1542 1716 ad
1576 1684 1700 1732 quos

208 1757 439 1812 scribam,
467 1760 654 1812 nescio,
683 1760 774 1803 nisi
804 1757 868 1803 ad
896 1773 1000 1812 eos,
1027 1761 1113 1820 qui
1141 1757 1206 1804 ad
1233 1773 1315 1804 me
1342 1757 1586 1812 scribunt,
1612 1761 1701 1802 aut

209 1844 272 1890 ad
293 1860 395 1899 eos,
414 1843 478 1890 de
498 1844 679 1906 quibus
699 1844 763 1890 ad
781 1860 863 1889 me
883 1861 968 1890 vos
988 1844 1176 1907 aliquid
1194 1844 1425 1891 scribitis.
1462 1843 1700 1906 Longius,

209 1935 447 1994 quoniam
475 1934 547 1977 ita
576 1931 714 1976 vobis
741 1930 928 1994 placet,
955 1948 1054 1978 non
1081 1931 1337 1978 discedam
1362 1946 1373 1986 ;
1417 1930 1507 1977 sed
1535 1929 1700 1986 velim,

208 2035 359 2081 quam
384 2021 676 2080 saepissime
700 2018 897 2065 litteras
919 2022 1156 2074 mittatis,
1176 2021 1495 2081 praesertim,
1516 2021 1556 2064 si
1579 2017 1699 2080 quid

210 2113 288 2152 est
319 2106 524 2160 firmius,
554 2106 689 2168 quod
718 2122 994 2168 speremus.
1064 2106 1263 2162 Valete,
1291 2121 1406 2152 mea
1433 2105 1699 2159 desideria,

211 2192 393 2239 valete.
463 2194 524 2239 A.
551 2193 598 2239 d.
627 2209 702 2239 111.
732 2192 900 2239 Nonas
927 2176 1135 2240 Octobri
1200 2192 1570 2240 Thessalonica.

269 2315 286 2332 ⁰
307 2308 378 2349 On
414 2310 487 2349 the
524 2310 614 2362 day
651 2310 704 2350 he
735 2315 850 2350 went
881 2313 971 2350 into
1000 2311 1124 2357 exile,
1155 2310 1346 2350 Cicero's
1377 2310 1512 2350 house
1540 2322 1597 2349 on
1627 2310 1701 2349 the

213 2363 412 2457 lPatilatine
435 2377 522 2404 was
553 2364 685 2404 burnt
716 2363 861 2413 down,
884 2378 931 2404 so
952 2364 1046 2405 that
1077 2365 1266 2417 nothing
1295 2365 1375 2404 but
1403 2364 1477 2404 the
1498 2365 1580 2404 site
1611 2376 1699 2405 was

229 2430 250 2456 e
298 2449 306 2457 .

226 2580 314 2620 188
