1837 3029
848 152 1099 200 CICERO

231 284 474 348 Apollinis
519 292 723 333 senatus
768 284 1050 331 consultum
1095 283 1286 331 factum
1331 285 1425 340 est,
1470 299 1547 340 ΕΑ,-
1591 299 1718 337 QUAE

231 379 382 409 FACTA
405 379 582 409 nsSENT
606 380 649 410 A.
678 379 724 409 D.
748 378 855 408 vm.
879 378 946 408 ID.
977 363 1120 408 Febr.
1144 377 1335 408 CONTRA
1362 376 1716 408 REMPUBLICAM

231 455 341 486 ESSE
376 456 544 487 FACTA.
615 440 690 487 Eo
726 440 807 487 die
844 439 971 486 Cato
1009 446 1086 486 est
1122 438 1452 486 vehementer
1485 442 1536 485 in
1572 437 1716 486 Pom-

231 521 401 580 peium
428 520 672 572 invectus,
702 524 755 564 et
783 533 898 563 eum
926 520 1152 563 oratione
1180 524 1428 579 perpetua
1454 522 1714 580 tamquam

231 611 371 640 reum
401 598 666 641 accusavit.
730 595 809 641 De
838 611 918 641 me
947 593 1123 650 multa,
1151 611 1233 640 me
1261 597 1434 650 invito,
1461 609 1575 640 cum
1601 608 1715 639 mea

231 688 425 718 summa
455 671 603 719 laude
635 672 777 719 dixit.
844 672 969 718 Cum
1001 671 1128 718 illius
1158 675 1209 717 in
1239 687 1322 718 me
1352 671 1615 733 perfidiam
1643 672 1715 717 in-

230 756 477 811 creparet,
518 749 719 796 auditus
761 756 839 796 est
878 766 1062 812 magno
1103 748 1301 796 silentio
1340 747 1712 795 malevolorum.

231 825 510 888 Respondit
566 830 613 873 ei
670 825 999 873 vehementer
1055 825 1323 889 Pompeius
1380 825 1714 888 Crassumque

231 903 508 966 descripsit,
549 904 778 967 dixitque
819 911 1013 967 aperte,
1052 919 1106 951 se
1144 906 1466 950 munitiorem
1507 902 1571 949 ad
1609 917 1714 948 cus-

230 980 521 1027 todiendam
550 985 703 1028 vitam
732 998 872 1028 suam
899 980 1023 1037 fore,
1051 998 1202 1044 quam
1230 979 1494 1028 Africanus
1520 978 1713 1034 fuisset,

178 1068 206 1106 4
231 1074 379 1120 quem
399 1058 452 1104 C.
473 1059 634 1105 Carbo
652 1062 1006 1105 interemisset.
1059 1059 1240 1121 Itaque
1261 1074 1475 1122 magnae
1496 1056 1616 1103 mihi
1634 1072 1713 1112 res

229 1138 328 1180 iam
372 1140 557 1183 moveri
602 1137 916 1183 videbantur.
994 1136 1122 1181 Nam
1168 1135 1435 1198 Pompeius
1477 1134 1601 1180 hacc
1643 1137 1713 1179 in-

229 1212 443 1274 tellegit,
500 1214 859 1276 nobiscumque
914 1217 1267 1268 communicat,
1323 1213 1524 1259 insidias
1580 1215 1713 1257 vitae

230 1305 349 1336 suae
379 1290 483 1335 fieri
509 1306 519 1345 ;
565 1290 619 1336 C.
652 1290 898 1337 Catonem
927 1307 956 1336 a
984 1290 1160 1336 Crasso
1189 1293 1496 1344 sustentari3
1542 1288 1714 1335 Clodio

228 1371 492 1428 pecuniam
538 1368 884 1430 suppeditari3
946 1375 1218 1430 utrumque
1263 1374 1316 1414 et
1361 1368 1424 1413 ab
1468 1382 1545 1421 eo,
1590 1373 1643 1412 et
1686 1381 1713 1410 a

230 1443 461 1500 Curione,
494 1444 671 1492 Bibulo
701 1448 984 1509 ceterisque
1017 1448 1116 1492 suis
1147 1445 1570 1492 obtrectatoribus
1602 1459 1714 1490 con-

231 1521 412 1567 firmari
438 1537 448 1577 ;
491 1521 821 1569 vehementer
844 1539 952 1570 esse
975 1523 1358 1586 providendum,
1381 1538 1445 1568 ne
1469 1523 1714 1584 opprima-

230 1606 328 1654 tur,
350 1603 658 1647 contionario
679 1600 760 1647 illo
780 1600 965 1663 populo
987 1617 1016 1646 a
1036 1616 1088 1647 se
1108 1616 1264 1663 prope
1287 1598 1522 1654 alienato,
1543 1596 1714 1644 nobili-

231 1683 339 1722 tate
371 1680 587 1733 inimica,
620 1694 719 1724 non
752 1695 914 1741 aequo
947 1685 1144 1734 senatu,
1176 1681 1440 1724 iuventute
1472 1676 1712 1738 improba.

232 1753 414 1816 Itaque
469 1770 522 1800 se
577 1763 853 1817 comparat,
908 1754 1134 1802 homines
1190 1771 1253 1802 ex
1309 1757 1439 1818 agris
1495 1755 1712 1800 arcessit.

231 1830 424 1892 Operas
465 1839 637 1878 autem
678 1849 791 1879 suas
833 1832 1033 1879 Clodius
1074 1832 1350 1879 confirmat.
1428 1831 1612 1877 Manus
1652 1829 1715 1876 ad

230 1908 506 1966 Quirinalia
545 1917 785 1971 paratur3
842 1913 892 1956 in
932 1927 991 1957 eo
1030 1909 1189 1957 multo
1228 1925 1398 1956 sumus
1437 1910 1714 1971 superiores

229 1989 382 2048 ipsius
408 1990 574 2049 copiis.
636 1986 735 2033 Sed
761 2004 946 2051 magna
971 2004 1148 2034 manus
1176 2003 1238 2034 ex
1265 1986 1448 2033 Piceno
1475 1993 1527 2032 et
1554 1984 1716 2031 Gallia

230 2060 572 2126 exspectatur,
593 2071 650 2111 ut
672 2067 826 2111 etiam
848 2065 1052 2112 Catonis
1072 2065 1416 2128 rogationibus
1437 2063 1500 2110 de
1523 2061 1714 2109 Milone

290 2276 309 2295 ‘¹
339 2271 461 2323 They
494 2272 636 2312 would
673 2277 748 2313 not
783 2274 997 2325 interrupi
1030 2287 1056 2313 a
1090 2273 1246 2325 speech
1282 2272 1418 2324 likely
1451 2277 1496 2312 to
1529 2270 1712 2313 embroil

233 2323 384 2365 Cicero
407 2326 508 2365 with
535 2327 743 2378 l'ompey.

292 2378 307 2402 ⁶
339 2378 386 2418 C.
413 2379 612 2430 Papirius
635 2381 793 2427 ('arbo‚
818 2385 862 2420 to
886 2381 1029 2420 whom
1055 2381 1252 2432 Pompey
1265 2392 1492 2431 compar-cs
1515 2378 1711 2426 Crassus,

233 2445 321 2526 {vas
340 2433 556 2526 probably
577 2437 782 2474 innocent
798 2436 847 2474 of
861 2435 933 2475 the
954 2434 1130 2475 murder
1148 2435 1197 2473 of
1213 2434 1461 2474 Africanus.
1510 2434 1593 2473 See
1612 2436 1712 2472 note

275 2491 321 2526 to
364 2500 464 2526 ἀιιι.
483 2489 537 2527 ix.
561 2491 628 2528 91.
651 2492 692 2528 3.

234 2558 329 2604 490
