1868 3040
892 194 1144 242 CICERO

273 327 445 387 scripsi
479 324 545 371 ad
577 331 632 371 te
667 324 732 371 ob
767 339 880 370 eam
916 339 1041 378 rem,
1076 322 1211 385 quod
1246 321 1607 369 aedificationis
1639 327 1762 369 tuae

274 411 533 459 consilium
581 427 697 458 mea
743 410 1184 457 commendatione
1231 408 1467 456 nolebam
1513 408 1759 472 impediri.

278 499 440 556 Idem,
460 506 518 547 ut
537 502 651 545 veni
673 497 919 553 Athenas,
938 514 1050 544 cum
1071 497 1224 552 idem,
1244 503 1302 543 ut
1321 496 1386 544 ad
1404 503 1458 544 te
1476 497 1763 553 scriberem,

274 593 521 650 rogasset,
556 586 622 633 ob
664 602 777 633 eam
819 601 1022 632 causam
1063 587 1372 647 impetravit,
1408 584 1543 647 quod
1585 591 1640 631 te
1677 584 1763 632 ab·

273 677 448 721 iecisse
488 673 624 720 illam
668 673 1071 720 aedificationem
1113 672 1381 718 constabat
1421 674 1554 717 inter
1589 686 1762 718 omnes

232 772 258 810 4
281 764 463 808 amicos
483 769 611 808 tuos.
682 760 831 820 Quod
851 763 890 806 si
909 763 982 806 ita
1003 766 1097 815 est,
1118 766 1171 806 et
1189 762 1229 806 si
1248 751 1348 805 iam
1365 758 1517 821 plane
1538 766 1627 805 tua
1642 757 1762 806 nihil

275 852 507 905 interest,
540 848 706 904 velim,
738 852 778 894 si
811 864 912 911 qua
943 846 1303 894 offensiuncula
1333 831 1580 893 facta-est
1612 849 1762 893 animi

275 940 351 984 tui
376 940 708 1000 perversitate
734 935 1013 998 aliquorum
1039 935 1174 998 (novi
1199 937 1333 981 enirn
1357 941 1566 998 gentem
1590 933 1763 998 illam),

274 1025 365 1072 des
412 1032 466 1072 te
516 1024 580 1071 ad
627 1024 912 1080 lenitatem,
948 1023 1026 1069 vel
1073 1029 1281 1086 propter
1328 1029 1469 1069 tuam
1516 1039 1763 1069 summam

275 1112 648 1160 humanitatem
665 1112 743 1159 vel
759 1115 914 1159 etiam
928 1110 1128 1158 honoris
1144 1113 1244 1157 mei
1259 1127 1425 1158 causa.
1495 1110 1764 1174 Equidem,

276 1204 316 1248 si
346 1200 468 1264 quid
488 1204 595 1263 ipse
628 1203 844 1246 sentiam
867 1203 1083 1262 quaeris,
1104 1215 1198 1245 nec
1218 1215 1307 1245 cur
1324 1197 1407 1244 ille
1435 1205 1582 1245 tanto
1612 1214 1764 1261 opere

276 1288 555 1336 contendat
594 1287 757 1343 video,
797 1303 889 1333 nec
929 1304 1015 1333 cur
1054 1294 1110 1333 tu
1150 1302 1421 1349 repugnes,
1459 1288 1553 1332 nisi
1591 1293 1765 1333 tamen

278 1376 438 1423 multo
468 1379 631 1422 minus
662 1376 753 1422 tibi
785 1375 991 1420 concedi
1022 1381 1210 1436 potest,
1241 1390 1394 1437 quam
1422 1372 1510 1430 illi,
1538 1372 1765 1428 laborare

276 1466 385 1510 sine
425 1479 591 1511 causa.
659 1462 983 1524 Quamquam
1025 1461 1254 1508 Patronis
1296 1468 1351 1508 et
1390 1464 1672 1508 orationem
1713 1468 1767 1508 et

277 1567 481 1599 causam
526 1551 619 1598 tibi
664 1554 921 1614 cognitam
967 1565 1076 1596 esse
1122 1555 1261 1595 certo
1306 1551 1422 1596 scio.
1490 1548 1766 1605 Honorem,

277 1639 510 1696 officium,
549 1645 975 1686 testamentorum
1014 1640 1109 1694 ius,
1149 1636 1352 1699 Epicuri
1391 1640 1766 1692 auctoritatem,

280 1726 497 1774 Phaedri
527 1727 944 1781 obtestationem,
974 1725 1168 1781 sedem,
1199 1724 1523 1780 domicilium,
1554 1726 1766 1787 vestigia

278 1831 587 1861 summorum
610 1813 889 1869 hominum,
912 1813 1006 1859 sibi
1029 1812 1223 1859 tuenda
1248 1828 1357 1858 esse
1381 1812 1518 1859 dicit.
1583 1811 1765 1858 Totam

280 1901 493 1949 hominis
523 1905 679 1949 vitam
707 1903 1078 1963 rationemque,
1107 1916 1259 1962 quam
1284 1902 1513 1962 sequitur
1534 1902 1585 1945 in
1608 1897 1766 1961 philo-

280 1989 473 2052 sophia,
505 1989 825 2036 derideamus
857 1988 992 2043 licet,
1026 1991 1064 2033 si
1094 1987 1222 2033 hanc
1253 1990 1358 2033 eius
1387 1990 1765 2033 contentionem

282 2077 507 2124 volumus
565 2076 954 2140 reprehendere.
1023 2074 1123 2122 Sed
1181 2073 1510 2130 mehercules,
1563 2074 1765 2137 quando

280 2165 348 2212 illi
378 2167 680 2228 ceterisque,
710 2180 834 2227 quos
863 2163 947 2209 illa
976 2162 1253 2218 delectant,
1283 2179 1382 2208 non
1412 2161 1556 2208 valde
1581 2164 1765 2208 inimici

280 2269 469 2309 sumuS,
488 2256 655 2299 nescio
675 2268 739 2298 an
757 2250 1119 2315 ignoscendum
1138 2253 1204 2296 sit
1226 2248 1358 2306 huic,
1381 2253 1421 2296 si
1444 2256 1590 2296 tanto
1612 2265 1765 2311 opere

342 2437 361 2458 ⁸
393 2431 616 2483 Probably
638 2444 663 2470 a
685 2430 826 2482 clique
847 2431 898 2470 of
914 2429 1163 2482 Epicurean
1184 2430 1443 2470 extremists.

346 2485 362 2510 ὃ
391 2486 477 2532 i.e..
503 2486 742 2526 Memmius
767 2487 801 2525 is
826 2489 900 2524 too
925 2486 1165 2535 important
1189 2497 1215 2523 a
1240 2495 1398 2535 person
1418 2486 1463 2522 to
1483 2482 1538 2522 be
1562 2481 1763 2522 troubled

289 2540 390 2580 with
412 2540 519 2580 such
539 2539 687 2580 trifleS.

297 2622 353 2661 10
