1837 3029
839 175 1088 222 CICERO

219 306 438 368 voluisti)
474 313 644 352 tecum
680 321 879 366 semper
915 320 1022 349 csse
1060 304 1261 365 putabis
1299 310 1352 349 et
1386 305 1617 351 omnibus
1650 309 1706 351 iis

220 376 387 429 rebus,
411 390 534 436 quas
559 373 693 418 dices
719 388 774 416 ac
798 370 968 425 facies,
992 374 1252 416 interesse.
1322 370 1589 433 Reliquum
1613 380 1707 427 est,

222 449 279 487 ut
307 448 360 487 te
389 456 544 493 orem,
576 447 633 484 ut,
659 438 932 483 valetudini
963 445 1100 490 tuae,
1131 441 1170 482 si
1200 453 1281 482 me
1311 444 1366 484 et
1393 444 1507 484 tuos
1535 455 1707 487 ornnes

221 507 387 555 valere
414 511 502 561 vis,
527 506 910 569 diligentissime
937 508 1136 551 servias.
1206 503 1345 551 Vale.

944 705 994 752 II

650 828 705 861 Μ.
730 830 904 860 CICERO
929 830 972 865 Q.
1001 829 1182 859 FRATRI
1206 828 1247 861 S·

715 922 899 969 Romae,
923 935 1053 962 Α.υ.ς.
1078 925 1172 961 695.

178 1029 194 1067 l
289 1020 328 1066 I.
364 1018 556 1066 Statius
579 1017 642 1066 ad
664 1034 745 1064 me
768 1020 907 1064 venit
928 1034 972 1063 a.
996 1017 1044 1064 d.
1068 1033 1176 1062 vni.
1205 1016 1418 1065 Kalend.
1442 1017 1710 1066 Novembr.

224 1088 344 1134 Eius
375 1087 642 1138 adventus,
672 1085 806 1147 quod
838 1088 910 1130 ita
939 1087 1196 1146 scripsisti,
1226 1085 1481 1148 direptum
1512 1089 1569 1132 iri
1600 1094 1654 1133 te
1685 1104 1714 1133 a

224 1158 342 1211 tuis,
360 1154 480 1200 dum
498 1157 538 1200 is
558 1154 777 1207 abesset,
795 1151 1036 1198 molestus
1055 1151 1173 1197 mihi
1194 1150 1305 1198 fuit.
1374 1152 1524 1211 Quod
1541 1161 1714 1200 autem

225 1224 661 1283 exspectationem
711 1222 786 1265 tui
835 1235 1234 1280 concursumque
1285 1235 1419 1274 eum,
1469 1223 1555 1282 qui
1605 1228 1716 1267 erat

224 1287 442 1344 futurus,
473 1291 513 1334 si
545 1303 647 1333 una
676 1292 846 1332 tecum
879 1286 1170 1340 decederet,
1202 1302 1368 1348 neque
1401 1294 1555 1334 antea
1585 1291 1715 1334 visus

226 1362 379 1410 esset,
419 1353 641 1408 sustulit,
681 1353 733 1399 id
773 1351 894 1398 mihi
938 1369 1038 1399 non
1078 1353 1394 1399 incommode
1437 1357 1596 1400 visum
1639 1361 1716 1401 est

225 1423 479 1469 accidisse.
547 1419 838 1466 Exhaustus
874 1423 1007 1465 enim
1043 1426 1121 1465 est
1155 1436 1318 1466 sermo
1352 1419 1630 1477 hominum,
1663 1428 1717 1469 et

228 1489 398 1536 multis
436 1490 648 1534 emissae
683 1490 784 1533 iam
821 1486 1066 1533 eiusmodi
1114 1503 1278 1541 voces,
1315 1485 1424 1532 ἀλλ’
1477 1487 1569 1533 αἰεί
1611 1508 1717 1535 τινα

229 1556 362 1614 φῶτα
397 1554 565 1618 μέγαν,
604 1570 736 1616 quae
776 1560 829 1600 te
869 1554 1082 1600 absente
1121 1552 1354 1599 confecta
1391 1570 1502 1601 esse
1539 1554 1715 1602 laetor.

179 1631 204 1670 2
229 1623 377 1682 Quod
399 1629 570 1669 autem
592 1622 775 1668 idcirco
798 1637 827 1666 a
848 1626 902 1666 te
922 1623 1102 1667 missus
1124 1627 1219 1675 est,
1241 1620 1362 1666 mihi
1384 1627 1443 1668 ut
1462 1637 1516 1668 se
1536 1639 1718 1686 purga-

227 1698 325 1745 ret,
365 1690 417 1736 id
458 1705 665 1736 necesse
705 1690 912 1734 minime
954 1686 1066 1733 fuit.
1135 1686 1358 1734 Primum
1400 1691 1534 1735 enim
1576 1707 1719 1736 num-

229 1774 381 1819 quam
412 1756 494 1802 illc
525 1755 647 1801 mihi
677 1753 775 1801 fuit
804 1761 1102 1816 suspectus;
1150 1771 1318 1817 neque
1349 1771 1463 1818 ego,
1493 1772 1624 1818 quae
1655 1757 1719 1804 ad

229 1832 282 1871 te
315 1824 379 1870 de
410 1822 493 1870 illo
525 1825 714 1885 scripsi,
745 1825 916 1884 scripsi
948 1838 1062 1867 meo
1093 1822 1294 1877 iudicio,
1324 1823 1414 1869 sed
1445 1839 1559 1868 curn
1590 1827 1718 1871 ratio

229 1890 463 1953 salusque
519 1893 741 1936 omnium
797 1895 1042 1943 nostrum,
1098 1892 1181 1950 qui
1240 1889 1302 1935 ad
1357 1889 1718 1952 rempublicam

230 1959 532 2012 accedimus,
585 1974 681 2002 non
737 1959 952 2002 veritate
1005 1955 1183 2011 solum,
1235 1956 1325 2002 sed
1378 1959 1532 2002 etiam
1584 1956 1718 2004 fama

231 2029 498 2079 niteretur,
526 2039 782 2070 sci-mones
813 2023 876 2069 ad
908 2030 959 2069 tc
991 2022 1200 2069 aliorum
1230 2039 1447 2085 semper,
1477 2041 1577 2071 non
1605 2041 1720 2071 mea

294 2147 313 2165 ⁰
343 2141 511 2181 Statius
539 2154 628 2179 was
663 2139 895 2188 Quintus's
928 2138 1156 2178 freedman
1189 2138 1275 2178 and
1314 2147 1547 2191 secrctary,
1575 2140 1718 2182 whom

236 2196 392 2248 people
413 2194 639 2246 suspected
663 2196 712 2232 of
730 2194 877 2232 nndiw
899 2194 1114 2232 intluenoe
1133 2207 1235 2233 over
1257 2193 1360 2233 him.

300 2250 314 2272 ὸ
348 2250 430 2288 ἀλλ’
483 2253 556 2288 αἰεί
603 2264 691 2286 τινα
744 2252 858 2291 φῴτα
907 2252 1034 2296 με’·γαν
1085 2251 1148 2286 καὶ
1198 2252 1318 2287 καλὸν
1367 2249 1720 2299 ε’ὂέημηνΙένθάὸ

239 2306 473 2342 ἐλεύσεσθαι
516 2303 647 2342 Hom.
681 2301 762 2342 Od.
796 2303 849 2341 ix.
883 2303 1065 2348 51:344,
1107 2301 1228 2342 “but
1264 2314 1366 2342 ever
1403 2303 1437 2341 it
1472 2314 1563 2342 was
1600 2316 1720 2343 some

243 2356 415 2408 mighty
450 2370 551 2396 man
583 2355 671 2396 and
702 2357 786 2395 sair
818 2360 863 2395 to
894 2353 995 2395 look
1030 2368 1165 2407 upon,
1195 2354 1342 2395 whose
1375 2354 1533 2395 arrival
1565 2355 1666 2397 here
1701 2356 1717 2396 1

242 2409 476 2450 awaitcd.'‘
538 2409 659 2460 They
698 2423 770 2450 are
805 2408 875 2448 the
907 2407 1047 2449 words
1083 2409 1133 2447 of
1160 2408 1471 2460 Polyphemus⁹
1506 2409 1604 2449 who
1632 2424 1720 2450 was

240 2463 549 2558 disappoiSnted
581 2465 624 2532 in
655 2462 919 2514 Odysseus's
943 2475 1234 2515 appearance,
1254 2475 1302 2503 as
1325 2461 1482 2515 people
1503 2467 1549 2505 at
1581 2464 1721 2504 Rome

239 2532 351 2558 were
372 2520 414 2557 in
470 2519 604 2558 tatius
622 2529 658 2559 s.

243 2589 338 2631 438
