1837 3029
838 198 1090 246 CICERO

170 334 194 372 2
219 327 398 374 litteris
418 344 731 391 cognoscam.
801 328 911 391 Ego
932 328 994 374 ad
1014 335 1085 383 te,
1105 328 1169 374 de
1188 328 1493 390 reipublicae
1512 342 1708 374 summa

218 409 337 470 quid
365 412 600 464 sentiam,
629 425 727 455 non
757 425 909 470 saepe
937 409 1168 464 scribam,
1196 416 1403 470 propter
1431 407 1705 470 periculum

218 489 460 534 eiusmodi
499 489 799 535 litterarum.
869 487 1003 547 Quid
1044 496 1225 551 agatur
1263 496 1454 544 autem,
1493 489 1705 534 scribam

214 573 427 630 saepiu&
498 568 710 630 Spei-are
758 576 932 616 tamen
980 570 1168 626 videor,
1215 568 1435 625 Caesari,
1481 568 1705 632 collegae

215 657 401 703 nostro,
446 648 552 695 fore
596 665 746 696 curae
791 656 846 696 et
890 665 1017 705 esse,
1062 656 1120 696 ut
1163 648 1440 696 habeamus
1485 648 1703 712 aliquam

214 729 611 791 rempublicam;
676 733 816 776 cuius
865 730 1077 776 consiliis
1127 734 1297 794 magni
1345 729 1602 776 referebat
1649 736 1703 776 te

214 813 472 857 interesse.
541 808 642 857 Sed
678 813 718 857 si
755 811 846 857 tibi
885 810 1054 857 utilius
1093 817 1188 867 est,
1224 811 1275 857 id
1313 817 1390 857 est
1426 809 1703 874 gloriosius,

214 891 364 936 Asiae
409 906 643 953 praeesse
689 897 742 937 et
786 894 934 937 istam
979 898 1177 953 partem
1222 890 1526 953 reipublicae
1571 889 1702 936 male

214 969 446 1017 affectam
473 974 622 1026 tueri,
649 970 768 1017 mihi
797 987 999 1034 quoque
1026 971 1179 1027 idem,
1207 971 1343 1034 quod
1368 971 1459 1018 tibi
1488 977 1542 1017 et
1566 969 1703 1017 laudi

164 1058 187 1095 3
213 1058 332 1097 tuae
353 1050 670 1112 profuturum
694 1059 788 1107 est,
808 1056 1031 1114 optatius
1052 1052 1209 1099 debet
1230 1068 1354 1098 esse.
1423 1051 1550 1115 Ego,
1570 1066 1703 1114 quae

213 1131 276 1177 ad
323 1139 464 1177 tuam
512 1132 815 1195 dignitatem
862 1135 1118 1194 pertinere
1164 1132 1462 1187 arbitrabor,
1507 1147 1704 1178 summo

212 1211 379 1257 studio
399 1212 763 1275 diligentiaque
784 1213 986 1268 curabo,
1005 1216 1054 1258 in
1075 1215 1347 1275 primisque
1367 1212 1549 1258 tuebor
1567 1213 1703 1258 omni

212 1292 531 1338 observantia
558 1292 883 1339 clarissimum
913 1296 1089 1348 virum,
1116 1301 1314 1354 patrem
1341 1299 1486 1339 tuum
1511 1307 1521 1347 ;
1567 1291 1702 1354 quod

212 1379 266 1418 et
314 1389 403 1434 pro
452 1380 709 1420 vetustate
759 1374 1159 1428 necessitudinis,
1208 1380 1262 1420 et
1309 1389 1398 1435 pro
1446 1371 1702 1418 beneficiis

212 1456 407 1508 vestris,
432 1460 485 1499 et
509 1469 598 1515 pro
622 1453 874 1516 dignitate
898 1458 1050 1516 ipsius
1075 1453 1241 1500 facere
1266 1453 1445 1500 debeo.

870 1645 1038 1691 LXIX

453 1791 510 1825 Μ.
545 1793 591 1826 Τ.
627 1794 668 1825 C.
706 1794 742 1826 S.
782 1795 827 1825 D.
865 1795 908 1826 P.
946 1795 1169 1825 SERVILIO
1204 1793 1447 1827 coLLEGAB

731 1912 912 1957 Romae,
934 1926 1065 1953 A.u.c.
1089 1915 1184 1953 705.

163 2035 181 2074 1
273 2027 326 2075 C.
351 2027 551 2074 Curtius
576 2027 792 2074 Mithres
819 2036 897 2075 est
922 2028 1002 2074 ille
1030 2029 1252 2091 quidem,
1273 2035 1332 2076 ut
1357 2031 1468 2084 scis,
1487 2028 1697 2075 libertus

211 2107 453 2164 Postumi,
474 2108 841 2154 familiarissimi
863 2113 962 2155 mei
987 2125 998 2165 ;
1037 2110 1126 2155 sed
1148 2126 1228 2155 nie
1250 2109 1369 2157 colit
1389 2116 1443 2156 et
1463 2109 1698 2156 observat

210 2205 372 2251 aeque
416 2196 571 2251 atque
614 2189 753 2235 illum
796 2193 959 2251 ipsum
1003 2197 1272 2251 patronum
1315 2206 1476 2236 suum.
1544 2188 1698 2251 Apud

210 2285 325 2315 eum
351 2286 445 2332 ego
468 2273 536 2315 sic
561 2269 747 2331 Ephesi
770 2268 859 2325 fui,
883 2273 1300 2332 quotiescumque
1323 2268 1413 2326 fui,
1435 2277 1696 2332 tamquam

210 2350 342 2395 domi
393 2366 538 2396 meae
562 2365 574 2405 3
642 2349 904 2413 multaque
956 2351 1263 2406 acciderunt,
1312 2353 1363 2396 in
1413 2350 1593 2413 quibus
1643 2355 1697 2395 et

271 2493 289 2511 ⁰
319 2486 485 2527 Consul
514 2488 558 2528 in
588 2490 672 2533 792
721 2488 774 2528 he
804 2488 964 2540 gained
997 2487 1070 2528 the
1099 2488 1191 2528 title
1222 2487 1272 2528 of
1299 2488 1518 2528 Isauricus
1548 2489 1591 2527 in
1621 2487 1695 2527 the

212 2540 436 2593 following
459 2554 575 2592 year.
639 2543 720 2583 See
741 2541 958 2595 Ep.66.1
988 2548 1087 2582 note
1108 2557 1132 2582 a
1155 2542 1309 2583 above.

221 2612 309 2652 158
