<?xml version="1.0" encoding="UTF-8"?>
<!DOCTYPE html PUBLIC "-//W3C//DTD XHTML 1.0 Transitional//EN"
    "http://www.w3.org/TR/xhtml1/DTD/xhtml1-transitional.dtd">
<html xmlns="http://www.w3.org/1999/xhtml" xml:lang="en" lang="en">
 <head>
  <title>
</title>
<meta http-equiv="Content-Type" content="text/html;charset=utf-8" />
  <meta name='ocr-system' content='tesseract 3.04.00' />
  <meta name='ocr-capabilities' content='ocr_page ocr_carea ocr_par ocr_line ocrx_word'/>
</head>
<body>
  <div class='ocr_page' id='page_1' title='image "./letterstohisfrie03ciceuoft_0694.png"; bbox 0 0 1837 3029; ppageno 0'>
   <div class='ocr_carea' id='block_1_1' title="bbox 842 170 1095 218">
    <p class='ocr_par' dir='ltr' id='par_1_1' title="bbox 842 170 1095 218">
     <span class='ocr_line' id='line_1_1' title="bbox 842 170 1095 218; baseline -0.004 0"><span class='ocrx_word' id='word_1_1' title='bbox 842 170 1095 218; x_wconf 80' lang='lat' dir='ltr'>CICERO</span> 
     </span>
    </p>
   </div>
   <div class='ocr_carea' id='block_1_2' title="bbox 221 297 1714 490">
    <p class='ocr_par' dir='ltr' id='par_1_2' title="bbox 221 297 1714 490">
     <span class='ocr_line' id='line_1_2' title="bbox 221 297 1712 353; baseline -0.003 -2"><span class='ocrx_word' id='word_1_2' title='bbox 221 311 277 351; x_wconf 87' lang='lat' dir='ltr'>et.</span> <span class='ocrx_word' id='word_1_3' title='bbox 307 307 408 349; x_wconf 84' lang='lat' dir='ltr'>iam</span> <span class='ocrx_word' id='word_1_4' title='bbox 439 306 537 348; x_wconf 83' lang='lat' dir='ltr'>suis</span> <span class='ocrx_word' id='word_1_5' title='bbox 569 305 820 347; x_wconf 74' lang='lat' dir='ltr'>nitentem</span> <span class='ocrx_word' id='word_1_6' title='bbox 853 301 1054 353; x_wconf 76' lang='lat' dir='ltr'>viribus,</span> <span class='ocrx_word' id='word_1_7' title='bbox 1079 302 1119 344; x_wconf 92' lang='lat' dir='ltr'>si</span> <span class='ocrx_word' id='word_1_8' title='bbox 1149 301 1276 345; x_wconf 83' lang='lat' dir='ltr'>istuc</span> <span class='ocrx_word' id='word_1_9' title='bbox 1307 297 1491 345; x_wconf 82' lang='lat' dir='ltr'>videro.</span> <span class='ocrx_word' id='word_1_10' title='bbox 1563 299 1712 346; x_wconf 89' lang='lat' dir='ltr'>Filius</span> 
     </span>
     <span class='ocr_line' id='line_1_3' title="bbox 223 367 1714 429; baseline -0.002 -12"><span class='ocrx_word' id='word_1_11' title='bbox 223 371 359 417; x_wconf 76' lang='lat' dir='ltr'>valet</span> <span class='ocrx_word' id='word_1_12' title='bbox 396 377 449 416; x_wconf 89' lang='lat' dir='ltr'>et.</span> <span class='ocrx_word' id='word_1_13' title='bbox 491 373 540 415; x_wconf 91' lang='lat' dir='ltr'>in</span> <span class='ocrx_word' id='word_1_14' title='bbox 587 367 941 413; x_wconf 83' lang='lat' dir='ltr'>Macedoniam</span> <span class='ocrx_word' id='word_1_15' title='bbox 984 383 1098 412; x_wconf 90' lang='lat' dir='ltr'>curn</span> <span class='ocrx_word' id='word_1_16' title='bbox 1142 369 1374 429; x_wconf 82' lang='lat' dir='ltr'>equitatu</span> <span class='ocrx_word' id='word_1_17' title='bbox 1411 369 1714 429; x_wconf 89' lang='lat' dir='ltr'>praemissus</span> 
     </span>
     <span class='ocr_line' id='line_1_4' title="bbox 226 435 1065 490; baseline -0.008 -4"><span class='ocrx_word' id='word_1_18' title='bbox 226 445 322 486; x_wconf 82' lang='lat' dir='ltr'>est.</span> <span class='ocrx_word' id='word_1_19' title='bbox 391 437 563 484; x_wconf 91' lang='lat' dir='ltr'>Idibus</span> <span class='ocrx_word' id='word_1_20' title='bbox 593 435 761 490; x_wconf 89' lang='lat' dir='ltr'>Maiis,</span> <span class='ocrx_word' id='word_1_21' title='bbox 787 451 850 482; x_wconf 88' lang='lat' dir='ltr'>ex</span> <span class='ocrx_word' id='word_1_22' title='bbox 875 436 1065 480; x_wconf 78' lang='lat' dir='ltr'>eastris.</span> 
     </span>
    </p>
   </div>
   <div class='ocr_carea' id='block_1_3' title="bbox 825 777 1113 842">
    <p class='ocr_par' dir='ltr' id='par_1_3' title="bbox 825 777 1113 842">
     <span class='ocr_line' id='line_1_5' title="bbox 825 777 1113 842; baseline 0.003 -17"><span class='ocrx_word' id='word_1_23' title='bbox 825 778 927 826; x_wconf 80' lang='lat' dir='ltr'>XII</span> <span class='ocrx_word' id='word_1_24' title='bbox 965 778 1025 842; x_wconf 82' lang='grc' dir='ltr'>(Ι.</span> <span class='ocrx_word' id='word_1_25' title='bbox 1063 777 1113 841; x_wconf 89' lang='lat'>6)</span> 
     </span>
    </p>
   </div>
   <div class='ocr_carea' id='block_1_4' title="bbox 570 921 1369 1062">
    <p class='ocr_par' dir='ltr' id='par_1_4' title="bbox 570 921 1369 1062">
     <span class='ocr_line' id='line_1_6' title="bbox 570 921 1369 956; baseline -0.003 0"><span class='ocrx_word' id='word_1_26' title='bbox 570 925 624 956; x_wconf 76' lang='lat' dir='ltr'>⁴M.</span> <span class='ocrx_word' id='word_1_27' title='bbox 664 924 854 956; x_wconf 81' lang='lat' dir='ltr'><strong>BRUTUS</strong></span> <span class='ocrx_word' id='word_1_28' title='bbox 888 923 926 955; x_wconf 88' lang='lat' dir='ltr'>S.</span> <span class='ocrx_word' id='word_1_29' title='bbox 964 923 1011 954; x_wconf 88' lang='lat' dir='ltr'>D.</span> <span class='ocrx_word' id='word_1_30' title='bbox 1048 923 1102 954; x_wconf 81' lang='lat' dir='ltr'>M.</span> <span class='ocrx_word' id='word_1_31' title='bbox 1140 921 1369 954; x_wconf 64' lang='lat' dir='ltr'><strong>CICERONI</strong></span> 
     </span>
     <span class='ocr_line' id='line_1_7' title="bbox 705 1015 1229 1062; baseline -0.002 -5"><span class='ocrx_word' id='word_1_32' title='bbox 705 1015 973 1062; x_wconf 80' lang='lat' dir='ltr'>Candaviae,</span> <span class='ocrx_word' id='word_1_33' title='bbox 998 1029 1128 1056; x_wconf 73' lang='lat' dir='ltr'><strong>A.U.c.</strong></span> <span class='ocrx_word' id='word_1_34' title='bbox 1155 1019 1229 1056; x_wconf 81' lang='lat'>711</span> 
     </span>
    </p>
   </div>
   <div class='ocr_carea' id='block_1_5' title="bbox 167 1112 1716 2387">
    <p class='ocr_par' dir='ltr' id='par_1_5' title="bbox 179 1112 1716 1645">
     <span class='ocr_line' id='line_1_8' title="bbox 179 1112 1716 1176; baseline -0.003 -12"><span class='ocrx_word' id='word_1_35' title='bbox 179 1122 198 1164; x_wconf 92' lang='lat'>1</span> <span class='ocrx_word' id='word_1_36' title='bbox 291 1115 401 1161; x_wconf 88' lang='lat' dir='ltr'>Noli</span> <span class='ocrx_word' id='word_1_37' title='bbox 437 1121 750 1176; x_wconf 72' lang='lat' dir='ltr'>exspectare,</span> <span class='ocrx_word' id='word_1_38' title='bbox 784 1112 904 1158; x_wconf 87' lang='lat' dir='ltr'>dum</span> <span class='ocrx_word' id='word_1_39' title='bbox 937 1113 1028 1157; x_wconf 87' lang='lat' dir='ltr'>tibi</span> <span class='ocrx_word' id='word_1_40' title='bbox 1062 1115 1249 1171; x_wconf 48' lang='lat' dir='ltr'>¹gratias</span> <span class='ocrx_word' id='word_1_41' title='bbox 1283 1128 1467 1174; x_wconf 80' lang='lat' dir='ltr'>agam:</span> <span class='ocrx_word' id='word_1_42' title='bbox 1517 1115 1716 1175; x_wconf 87' lang='lat' dir='ltr'>iampri-</span> 
     </span>
     <span class='ocr_line' id='line_1_9' title="bbox 224 1179 1715 1240; baseline -0.002 -10"><span class='ocrx_word' id='word_1_43' title='bbox 224 1183 342 1230; x_wconf 89' lang='lat' dir='ltr'>dem</span> <span class='ocrx_word' id='word_1_44' title='bbox 373 1182 465 1228; x_wconf 89' lang='lat' dir='ltr'>hoc</span> <span class='ocrx_word' id='word_1_45' title='bbox 497 1198 559 1227; x_wconf 78' lang='lat' dir='ltr'>ex</span> <span class='ocrx_word' id='word_1_46' title='bbox 591 1187 761 1226; x_wconf 83' lang='lat' dir='ltr'>nostra</span> <span class='ocrx_word' id='word_1_47' title='bbox 790 1180 1181 1233; x_wconf 65' lang='lat' dir='ltr'>necessitudine,</span> <span class='ocrx_word' id='word_1_48' title='bbox 1212 1195 1341 1240; x_wconf 85' lang='lat' dir='ltr'>quae</span> <span class='ocrx_word' id='word_1_49' title='bbox 1373 1179 1437 1225; x_wconf 88' lang='lat' dir='ltr'>ad</span> <span class='ocrx_word' id='word_1_50' title='bbox 1467 1196 1715 1227; x_wconf 89' lang='lat' dir='ltr'>summam</span> 
     </span>
     <span class='ocr_line' id='line_1_10' title="bbox 225 1246 1715 1309; baseline -0.001 -13"><span class='ocrx_word' id='word_1_51' title='bbox 225 1250 630 1297; x_wconf 69' lang='lat' dir='ltr'>benevolentiam</span> <span class='ocrx_word' id='word_1_52' title='bbox 652 1250 899 1309; x_wconf 73' lang='lat' dir='ltr'>pervenit,</span> <span class='ocrx_word' id='word_1_53' title='bbox 918 1247 1173 1291; x_wconf 83' lang='lat' dir='ltr'>sublatum</span> <span class='ocrx_word' id='word_1_54' title='bbox 1194 1263 1302 1291; x_wconf 71' lang='lat' dir='ltr'>esse</span> <span class='ocrx_word' id='word_1_55' title='bbox 1323 1246 1493 1293; x_wconf 83' lang='lat' dir='ltr'>debet.</span> <span class='ocrx_word' id='word_1_56' title='bbox 1566 1248 1715 1295; x_wconf 80' lang='lat' dir='ltr'>Filius</span> 
     </span>
     <span class='ocr_line' id='line_1_11' title="bbox 223 1313 1714 1375; baseline -0.001 -11"><span class='ocrx_word' id='word_1_57' title='bbox 223 1325 339 1364; x_wconf 86' lang='lat' dir='ltr'>tuus</span> <span class='ocrx_word' id='word_1_58' title='bbox 363 1334 391 1362; x_wconf 84' lang='lat' dir='ltr'>a</span> <span class='ocrx_word' id='word_1_59' title='bbox 413 1333 493 1362; x_wconf 89' lang='lat' dir='ltr'>me</span> <span class='ocrx_word' id='word_1_60' title='bbox 517 1317 679 1369; x_wconf 63' lang='lat' dir='ltr'>abest,</span> <span class='ocrx_word' id='word_1_61' title='bbox 700 1318 749 1360; x_wconf 88' lang='lat' dir='ltr'>in</span> <span class='ocrx_word' id='word_1_62' title='bbox 778 1313 1074 1359; x_wconf 76' lang='lat' dir='ltr'>Macedonia</span> <span class='ocrx_word' id='word_1_63' title='bbox 1099 1313 1482 1375; x_wconf 73' lang='lat' dir='ltr'>congrediemur</span> <span class='ocrx_word' id='word_1_64' title='bbox 1506 1330 1516 1369; x_wconf 85' lang='lat'>;</span> <span class='ocrx_word' id='word_1_65' title='bbox 1555 1318 1714 1362; x_wconf 79' lang='lat' dir='ltr'>iussus</span> 
     </span>
     <span class='ocr_line' id='line_1_12' title="bbox 223 1380 1716 1443; baseline -0.001 -12"><span class='ocrx_word' id='word_1_66' title='bbox 223 1391 302 1432; x_wconf 77' lang='lat' dir='ltr'>est</span> <span class='ocrx_word' id='word_1_67' title='bbox 328 1387 461 1430; x_wconf 88' lang='lat' dir='ltr'>enim</span> <span class='ocrx_word' id='word_1_68' title='bbox 488 1384 755 1429; x_wconf 82' lang='lat' dir='ltr'>Ambracia</span> <span class='ocrx_word' id='word_1_69' title='bbox 783 1381 965 1426; x_wconf 85' lang='lat' dir='ltr'>ducere</span> <span class='ocrx_word' id='word_1_70' title='bbox 993 1384 1189 1442; x_wconf 79' lang='lat' dir='ltr'>equites</span> <span class='ocrx_word' id='word_1_71' title='bbox 1215 1397 1305 1443; x_wconf 91' lang='lat' dir='ltr'>per</span> <span class='ocrx_word' id='word_1_72' title='bbox 1328 1380 1636 1428; x_wconf 84' lang='lat' dir='ltr'>Thessaliam</span> <span class='ocrx_word' id='word_1_73' title='bbox 1662 1390 1716 1430; x_wconf 83' lang='lat' dir='ltr'>et</span> 
     </span>
     <span class='ocr_line' id='line_1_13' title="bbox 221 1448 1714 1514; baseline -0.001 -16"><span class='ocrx_word' id='word_1_74' title='bbox 221 1454 393 1514; x_wconf 82' lang='lat' dir='ltr'>scripsi</span> <span class='ocrx_word' id='word_1_75' title='bbox 421 1450 485 1496; x_wconf 86' lang='lat' dir='ltr'>ad</span> <span class='ocrx_word' id='word_1_76' title='bbox 513 1467 646 1504; x_wconf 89' lang='lat' dir='ltr'>eum,</span> <span class='ocrx_word' id='word_1_77' title='bbox 675 1456 731 1494; x_wconf 84' lang='lat' dir='ltr'>ut</span> <span class='ocrx_word' id='word_1_78' title='bbox 759 1448 877 1493; x_wconf 89' lang='lat' dir='ltr'>mihi</span> <span class='ocrx_word' id='word_1_79' title='bbox 908 1448 1209 1493; x_wconf 73' lang='lat' dir='ltr'>Heracleam</span> <span class='ocrx_word' id='word_1_80' title='bbox 1237 1456 1522 1495; x_wconf 80' lang='lat' dir='ltr'>occurreret</span> <span class='ocrx_word' id='word_1_81' title='bbox 1547 1466 1556 1495; x_wconf 90' lang='lat'>:</span> <span class='ocrx_word' id='word_1_82' title='bbox 1601 1467 1714 1496; x_wconf 86' lang='lat' dir='ltr'>eum</span> 
     </span>
     <span class='ocr_line' id='line_1_14' title="bbox 224 1516 1716 1578; baseline -0.001 -13"><span class='ocrx_word' id='word_1_83' title='bbox 224 1536 340 1565; x_wconf 88' lang='lat' dir='ltr'>eum</span> <span class='ocrx_word' id='word_1_84' title='bbox 383 1518 569 1572; x_wconf 73' lang='lat' dir='ltr'>videro,</span> <span class='ocrx_word' id='word_1_85' title='bbox 610 1519 847 1578; x_wconf 81' lang='lat' dir='ltr'>quoniam</span> <span class='ocrx_word' id='word_1_86' title='bbox 889 1516 1030 1561; x_wconf 85' lang='lat' dir='ltr'>nobis</span> <span class='ocrx_word' id='word_1_87' title='bbox 1071 1518 1341 1577; x_wconf 77' lang='lat' dir='ltr'>permittis,</span> <span class='ocrx_word' id='word_1_88' title='bbox 1381 1520 1716 1564; x_wconf 84' lang='lat' dir='ltr'>communiter</span> 
     </span>
     <span class='ocr_line' id='line_1_15' title="bbox 221 1582 1716 1645; baseline -0.001 -13"><span class='ocrx_word' id='word_1_89' title='bbox 221 1588 587 1632; x_wconf 80' lang='lat' dir='ltr'>constituemus</span> <span class='ocrx_word' id='word_1_90' title='bbox 618 1584 682 1630; x_wconf 90' lang='lat' dir='ltr'>de</span> <span class='ocrx_word' id='word_1_91' title='bbox 712 1583 879 1629; x_wconf 81' lang='lat' dir='ltr'>reditu</span> <span class='ocrx_word' id='word_1_92' title='bbox 904 1585 1009 1629; x_wconf 85' lang='lat' dir='ltr'>eius</span> <span class='ocrx_word' id='word_1_93' title='bbox 1041 1582 1105 1628; x_wconf 89' lang='lat' dir='ltr'>ad</span> <span class='ocrx_word' id='word_1_94' title='bbox 1134 1585 1435 1645; x_wconf 88' lang='lat' dir='ltr'>petitionem</span> <span class='ocrx_word' id='word_1_95' title='bbox 1465 1590 1555 1630; x_wconf 80' lang='lat' dir='ltr'>aut:</span> <span class='ocrx_word' id='word_1_96' title='bbox 1583 1601 1716 1631; x_wconf 88' lang='lat' dir='ltr'>com-</span> 
     </span>
    </p>

    <p class='ocr_par' dir='ltr' id='par_1_6' title="bbox 167 1649 1715 2387">
     <span class='ocr_line' id='line_1_16' title="bbox 167 1649 1713 1712; baseline -0.001 -12"><span class='ocrx_word' id='word_1_97' title='bbox 167 1663 192 1703; x_wconf 87' lang='lat'>2</span> <span class='ocrx_word' id='word_1_98' title='bbox 218 1653 597 1699; x_wconf 84' lang='lat' dir='ltr'>mendationem</span> <span class='ocrx_word' id='word_1_99' title='bbox 660 1650 874 1697; x_wconf 89' lang='lat' dir='ltr'>honoris.</span> <span class='ocrx_word' id='word_1_100' title='bbox 984 1649 1094 1696; x_wconf 93' lang='lat' dir='ltr'>Tibi</span> <span class='ocrx_word' id='word_1_101' title='bbox 1159 1650 1402 1712; x_wconf 79' lang='lat' dir='ltr'>Glycona,</span> <span class='ocrx_word' id='word_1_102' title='bbox 1461 1651 1713 1698; x_wconf 86' lang='lat' dir='ltr'>medicum</span> 
     </span>
     <span class='ocr_line' id='line_1_17' title="bbox 226 1715 1714 1781; baseline -0.001 -15"><span class='ocrx_word' id='word_1_103' title='bbox 226 1721 436 1774; x_wconf 86' lang='lat' dir='ltr'>Pansae,</span> <span class='ocrx_word' id='word_1_104' title='bbox 463 1722 548 1781; x_wconf 87' lang='lat' dir='ltr'>qui</span> <span class='ocrx_word' id='word_1_105' title='bbox 581 1734 801 1765; x_wconf 88' lang='lat' dir='ltr'>sororem</span> <span class='ocrx_word' id='word_1_106' title='bbox 836 1715 1086 1763; x_wconf 85' lang='lat' dir='ltr'>Achilleos</span> <span class='ocrx_word' id='word_1_107' title='bbox 1122 1720 1277 1763; x_wconf 85' lang='lat' dir='ltr'>nostri</span> <span class='ocrx_word' id='word_1_108' title='bbox 1311 1720 1361 1763; x_wconf 92' lang='lat' dir='ltr'>in</span> <span class='ocrx_word' id='word_1_109' title='bbox 1394 1721 1714 1766; x_wconf 81' lang='lat' dir='ltr'>matrimonio</span> 
     </span>
     <span class='ocr_line' id='line_1_18' title="bbox 222 1784 1715 1849; baseline 0 -16"><span class='ocrx_word' id='word_1_110' title='bbox 222 1787 395 1842; x_wconf 85' lang='lat' dir='ltr'>habet,</span> <span class='ocrx_word' id='word_1_111' title='bbox 422 1786 802 1849; x_wconf 82' lang='lat' dir='ltr'>diligentissime</span> <span class='ocrx_word' id='word_1_112' title='bbox 829 1784 1143 1830; x_wconf 84' lang='lat' dir='ltr'>commendo.</span> <span class='ocrx_word' id='word_1_113' title='bbox 1214 1784 1460 1831; x_wconf 87' lang='lat' dir='ltr'>Audimus</span> <span class='ocrx_word' id='word_1_114' title='bbox 1492 1802 1607 1832; x_wconf 89' lang='lat' dir='ltr'>eum</span> <span class='ocrx_word' id='word_1_115' title='bbox 1634 1803 1715 1833; x_wconf 84' lang='lat' dir='ltr'>ve-</span> 
     </span>
     <span class='ocr_line' id='line_1_19' title="bbox 222 1851 1715 1915; baseline 0 -15"><span class='ocrx_word' id='word_1_116' title='bbox 222 1859 353 1900; x_wconf 79' lang='lat' dir='ltr'>nisse</span> <span class='ocrx_word' id='word_1_117' title='bbox 383 1857 434 1900; x_wconf 93' lang='lat' dir='ltr'>in</span> <span class='ocrx_word' id='word_1_118' title='bbox 459 1856 790 1915; x_wconf 87' lang='lat' dir='ltr'>suspicionem</span> <span class='ocrx_word' id='word_1_119' title='bbox 824 1851 1079 1914; x_wconf 86' lang='lat' dir='ltr'>Torquato</span> <span class='ocrx_word' id='word_1_120' title='bbox 1106 1851 1168 1897; x_wconf 91' lang='lat' dir='ltr'>de</span> <span class='ocrx_word' id='word_1_121' title='bbox 1195 1859 1358 1898; x_wconf 85' lang='lat' dir='ltr'>morte</span> <span class='ocrx_word' id='word_1_122' title='bbox 1390 1851 1582 1899; x_wconf 84' lang='lat' dir='ltr'>Pansae</span> <span class='ocrx_word' id='word_1_123' title='bbox 1608 1870 1715 1901; x_wconf 80' lang='lat' dir='ltr'>cus-</span> 
     </span>
     <span class='ocr_line' id='line_1_20' title="bbox 222 1918 1713 1983; baseline -0.001 -15"><span class='ocrx_word' id='word_1_124' title='bbox 222 1922 473 1983; x_wconf 81' lang='lat' dir='ltr'>&#39;todirique</span> <span class='ocrx_word' id='word_1_125' title='bbox 515 1927 574 1966; x_wconf 78' lang='lat' dir='ltr'>ut</span> <span class='ocrx_word' id='word_1_126' title='bbox 620 1919 932 1982; x_wconf 89' lang='lat' dir='ltr'>parricidam.</span> <span class='ocrx_word' id='word_1_127' title='bbox 1020 1918 1153 1964; x_wconf 87' lang='lat' dir='ltr'>Nihil</span> <span class='ocrx_word' id='word_1_128' title='bbox 1200 1922 1363 1965; x_wconf 91' lang='lat' dir='ltr'>minus</span> <span class='ocrx_word' id='word_1_129' title='bbox 1406 1920 1713 1967; x_wconf 90' lang='lat' dir='ltr'>credendum</span> 
     </span>
     <span class='ocr_line' id='line_1_21' title="bbox 222 1986 1714 2051; baseline 0 -15"><span class='ocrx_word' id='word_1_130' title='bbox 222 1996 326 2044; x_wconf 65' lang='grc' dir='ltr'>θεῖς</span> <span class='ocrx_word' id='word_1_131' title='bbox 369 1991 478 2051; x_wconf 92' lang='lat' dir='ltr'>quis</span> <span class='ocrx_word' id='word_1_132' title='bbox 509 1991 643 2034; x_wconf 89' lang='lat' dir='ltr'>enim</span> <span class='ocrx_word' id='word_1_133' title='bbox 674 1990 914 2032; x_wconf 89' lang='lat' dir='ltr'>maiorem</span> <span class='ocrx_word' id='word_1_134' title='bbox 949 1986 1292 2032; x_wconf 81' lang='lat' dir='ltr'>calamitatem</span> <span class='ocrx_word' id='word_1_135' title='bbox 1323 1994 1486 2033; x_wconf 84' lang='lat' dir='ltr'>morte</span> <span class='ocrx_word' id='word_1_136' title='bbox 1521 1987 1714 2036; x_wconf 82' lang='lat' dir='ltr'>Pansae</span> 
     </span>
     <span class='ocr_line' id='line_1_22' title="bbox 221 2052 1713 2120; baseline 0 -18"><span class='ocrx_word' id='word_1_137' title='bbox 221 2055 458 2117; x_wconf 80' lang='lat' dir='ltr'>accepit?</span> <span class='ocrx_word' id='word_1_138' title='bbox 525 2062 792 2117; x_wconf 81' lang='lat' dir='ltr'>praeterea</span> <span class='ocrx_word' id='word_1_139' title='bbox 836 2061 913 2099; x_wconf 81' lang='lat' dir='ltr'>est</span> <span class='ocrx_word' id='word_1_140' title='bbox 961 2053 1218 2099; x_wconf 84' lang='lat' dir='ltr'>modestus</span> <span class='ocrx_word' id='word_1_141' title='bbox 1268 2052 1416 2100; x_wconf 88' lang='lat' dir='ltr'>homo</span> <span class='ocrx_word' id='word_1_142' title='bbox 1465 2061 1519 2100; x_wconf 85' lang='lat' dir='ltr'>et:</span> <span class='ocrx_word' id='word_1_143' title='bbox 1565 2054 1713 2120; x_wconf 82' lang='lat' dir='ltr'>frugi,</span> 
     </span>
     <span class='ocr_line' id='line_1_23' title="bbox 220 2120 1713 2185; baseline 0 -16"><span class='ocrx_word' id='word_1_144' title='bbox 220 2140 372 2185; x_wconf 83' lang='lat' dir='ltr'>quem</span> <span class='ocrx_word' id='word_1_145' title='bbox 398 2139 460 2168; x_wconf 91' lang='lat' dir='ltr'>ne</span> <span class='ocrx_word' id='word_1_146' title='bbox 484 2122 673 2168; x_wconf 84' lang='lat' dir='ltr'>utilitas</span> <span class='ocrx_word' id='word_1_147' title='bbox 700 2121 904 2184; x_wconf 84' lang='lat' dir='ltr'>quidem</span> <span class='ocrx_word' id='word_1_148' title='bbox 928 2121 1158 2166; x_wconf 78' lang='lat' dir='ltr'>videatur</span> <span class='ocrx_word' id='word_1_149' title='bbox 1178 2121 1451 2182; x_wconf 72' lang='lat' dir='ltr'>impulsura</span> <span class='ocrx_word' id='word_1_150' title='bbox 1471 2120 1623 2168; x_wconf 77' lang='lat' dir='ltr'>fuisse.</span> <span class='ocrx_word' id='word_1_151' title='bbox 1649 2123 1713 2169; x_wconf 82' lang='lat' dir='ltr'>ad</span> 
     </span>
     <span class='ocr_line' id='line_1_24' title="bbox 222 2188 1713 2251; baseline 0 -15"><span class='ocrx_word' id='word_1_152' title='bbox 222 2190 428 2236; x_wconf 90' lang='lat' dir='ltr'>facinus.</span> <span class='ocrx_word' id='word_1_153' title='bbox 487 2189 626 2251; x_wconf 72' lang='lat' dir='ltr'>Rogo</span> <span class='ocrx_word' id='word_1_154' title='bbox 652 2196 724 2243; x_wconf 84' lang='lat' dir='ltr'>te,</span> <span class='ocrx_word' id='word_1_155' title='bbox 751 2195 803 2234; x_wconf 83' lang='lat' dir='ltr'>et</span> <span class='ocrx_word' id='word_1_156' title='bbox 830 2188 1033 2250; x_wconf 87' lang='lat' dir='ltr'>quidem</span> <span class='ocrx_word' id='word_1_157' title='bbox 1057 2188 1200 2233; x_wconf 81' lang='lat' dir='ltr'>valde</span> <span class='ocrx_word' id='word_1_158' title='bbox 1221 2205 1526 2250; x_wconf 81' lang='lat' dir='ltr'>rogo—nam</span> <span class='ocrx_word' id='word_1_159' title='bbox 1547 2189 1713 2236; x_wconf 85' lang='lat' dir='ltr'>Achil-</span> 
     </span>
     <span class='ocr_line' id='line_1_25' title="bbox 221 2255 1713 2317; baseline 0.001 -14"><span class='ocrx_word' id='word_1_160' title='bbox 221 2257 327 2303; x_wconf 81' lang='lat' dir='ltr'>leus</span> <span class='ocrx_word' id='word_1_161' title='bbox 359 2263 530 2303; x_wconf 86' lang='lat' dir='ltr'>noster</span> <span class='ocrx_word' id='word_1_162' title='bbox 559 2273 656 2302; x_wconf 91' lang='lat' dir='ltr'>non</span> <span class='ocrx_word' id='word_1_163' title='bbox 686 2259 866 2309; x_wconf 74' lang='lat' dir='ltr'>minus,</span> <span class='ocrx_word' id='word_1_164' title='bbox 894 2272 1043 2317; x_wconf 88' lang='lat' dir='ltr'>quam</span> <span class='ocrx_word' id='word_1_165' title='bbox 1071 2272 1290 2317; x_wconf 89' lang='lat' dir='ltr'>aequum</span> <span class='ocrx_word' id='word_1_166' title='bbox 1317 2262 1411 2310; x_wconf 84' lang='lat' dir='ltr'>est,</span> <span class='ocrx_word' id='word_1_167' title='bbox 1438 2255 1713 2313; x_wconf 78' lang='lat' dir='ltr'>laborat—,</span> 
     </span>
     <span class='ocr_line' id='line_1_26' title="bbox 221 2321 1712 2387; baseline 0.001 -16"><span class='ocrx_word' id='word_1_168' title='bbox 221 2328 400 2387; x_wconf 88' lang='lat' dir='ltr'>eripias</span> <span class='ocrx_word' id='word_1_169' title='bbox 437 2341 551 2370; x_wconf 89' lang='lat' dir='ltr'>eum</span> <span class='ocrx_word' id='word_1_170' title='bbox 587 2340 649 2369; x_wconf 81' lang='lat' dir='ltr'>ex</span> <span class='ocrx_word' id='word_1_171' title='bbox 684 2323 911 2369; x_wconf 85' lang='lat' dir='ltr'>custodia</span> <span class='ocrx_word' id='word_1_172' title='bbox 945 2338 1345 2386; x_wconf 76' lang='lat' dir='ltr'>conservesque:</span> <span class='ocrx_word' id='word_1_173' title='bbox 1393 2321 1486 2369; x_wconf 91' lang='lat' dir='ltr'>hoc</span> <span class='ocrx_word' id='word_1_174' title='bbox 1520 2339 1614 2387; x_wconf 88' lang='lat' dir='ltr'>ego</span> <span class='ocrx_word' id='word_1_175' title='bbox 1648 2325 1712 2372; x_wconf 85' lang='lat' dir='ltr'>ad</span> 
     </span>
    </p>
   </div>
   <div class='ocr_carea' id='block_1_6' title="bbox 436 2489 1501 2597">
    <p class='ocr_par' dir='ltr' id='par_1_7' title="bbox 436 2489 1501 2597">
     <span class='ocr_line' id='line_1_27' title="bbox 653 2489 1282 2530; baseline 0 -1"><span class='ocrx_word' id='word_1_176' title='bbox 653 2495 670 2514; x_wconf 79' lang='lat'><em>⁶</em></span> <span class='ocrx_word' id='word_1_177' title='bbox 704 2490 753 2529; x_wconf 85' lang='lat' dir='ltr'>In</span> <span class='ocrx_word' id='word_1_178' title='bbox 777 2504 945 2530; x_wconf 79' lang='lat' dir='ltr'>answer</span> <span class='ocrx_word' id='word_1_179' title='bbox 966 2494 1011 2530; x_wconf 73' lang='lat' dir='ltr'>to</span> <span class='ocrx_word' id='word_1_180' title='bbox 1035 2491 1182 2530; x_wconf 71' lang='lat' dir='ltr'>Letter</span> <span class='ocrx_word' id='word_1_181' title='bbox 1203 2489 1282 2530; x_wconf 86' lang='lat' dir='ltr'>IX.</span> 
     </span>
     <span class='ocr_line' id='line_1_28' title="bbox 436 2544 1501 2597; baseline 0.002 -11"><span class='ocrx_word' id='word_1_182' title='bbox 436 2544 456 2572; x_wconf 69' lang='lat' dir='ltr'><strong>t</strong></span> <span class='ocrx_word' id='word_1_183' title='bbox 485 2545 540 2586; x_wconf 89' lang='lat' dir='ltr'>A.</span> <span class='ocrx_word' id='word_1_184' title='bbox 569 2544 764 2585; x_wconf 85' lang='lat' dir='ltr'>Manlius</span> <span class='ocrx_word' id='word_1_185' title='bbox 786 2546 1052 2596; x_wconf 86' lang='lat' dir='ltr'>Torquatus,</span> <span class='ocrx_word' id='word_1_186' title='bbox 1079 2544 1260 2585; x_wconf 86' lang='lat' dir='ltr'>Pansa&#39;s</span> <span class='ocrx_word' id='word_1_187' title='bbox 1281 2550 1501 2597; x_wconf 84' lang='lat' dir='ltr'>quaestor.</span> 
     </span>
    </p>
   </div>
   <div class='ocr_carea' id='block_1_7' title="bbox 217 2607 310 2650">
    <p class='ocr_par' dir='ltr' id='par_1_8' title="bbox 217 2607 310 2650">
     <span class='ocr_line' id='line_1_29' title="bbox 217 2607 310 2650; baseline 0 0"><span class='ocrx_word' id='word_1_188' title='bbox 217 2607 310 2650; x_wconf 76' lang='lat'>662</span> 
     </span>
    </p>
   </div>
  </div>
 </body>
</html>
