1868 3040
888 189 1140 237 CICERO

268 326 522 371 neminem
562 321 869 384 diligentius.
938 318 1108 377 Quare
1148 324 1205 364 ut
1243 323 1297 364 et
1335 332 1504 364 meum
1543 318 1756 362 amicum

268 407 321 447 et
346 407 435 447 tua
461 399 669 461 dignum
697 399 915 443 amicitia
940 395 1031 441 tibi
1057 393 1371 441 commendo.
1441 393 1532 439 Cui
1557 392 1758 455 quibus-

267 493 484 538 cumque
505 475 654 521 rebus
676 472 1087 526 commodaveris,
1107 471 1199 517 tibi
1219 468 1448 533 profecto
1467 468 1759 524 iucundum,

268 551 389 599 mihi
413 558 552 598 certe
577 554 674 598 erit
695 555 916 613 gratum.
983 547 1123 594 Vale.

674 954 729 987 M.
767 955 812 986 Τ.
851 955 891 985 C.
931 954 968 986 S.
1009 954 1051 985 P.
1093 954 1137 984 Ι).
1178 951 1340 984 BRUTO

756 1068 940 1113 Romae,
961 1080 1093 1107 A.U.c.
1117 1069 1213 1107 708.

228 1189 250 1233 l
343 1184 397 1232 L.
456 1185 589 1231 Titio
646 1184 913 1239 Strabone,
971 1187 1143 1246 equite
1201 1182 1428 1228 Romano
1483 1183 1535 1227 in
1590 1182 1761 1243 primis

276 1260 490 1308 honesto
519 1269 572 1308 et
599 1268 794 1315 ornato,
823 1259 1204 1305 familiarissime
1234 1266 1361 1305 utor.
1431 1258 1615 1304 Omnia
1641 1256 1762 1302 mihi

276 1355 389 1384 cum
444 1355 503 1384 eo
552 1337 878 1384 intercedunt
927 1340 1036 1382 iura
1086 1352 1313 1382 summae
1365 1334 1762 1381 necessitudinis.

279 1415 409 1460 Huic
438 1417 489 1460 in
519 1421 609 1461 tua
637 1417 889 1476 provincia
919 1415 1185 1476 pecuniam
1217 1413 1373 1459 debet
1404 1411 1457 1457 P.
1490 1409 1762 1456 Cornelius.

279 1492 353 1537 Ea
389 1508 468 1538 res
506 1509 536 1537 a
571 1491 817 1547 Volcatio,
854 1494 939 1554 qui
977 1490 1167 1537 Romae
1204 1492 1279 1535 ius
1317 1489 1455 1543 dicit,
1490 1491 1681 1534 reiecta
1714 1489 1765 1532 in

225 1577 250 1616 2
277 1568 490 1615 Galliam
517 1575 609 1614 est.
679 1567 807 1614 Peto
832 1584 862 1614 a
884 1574 938 1614 te
962 1565 1055 1614 hoc
1079 1566 1388 1629 diligentius,
1412 1581 1565 1628 quam
1588 1566 1628 1611 si
1651 1579 1767 1609 mea

278 1661 357 1691 res
397 1651 549 1700 esset,
588 1661 688 1707 quo
727 1651 806 1691 est
843 1643 1103 1690 honestius
1141 1643 1205 1690 de
1245 1645 1517 1689 amicorum
1553 1642 1768 1703 pecunia

280 1720 524 1776 laborare,
561 1738 712 1784 quam
751 1720 815 1767 de
857 1737 963 1776 sua,
1000 1726 1058 1766 ut
1099 1722 1360 1783 negotium
1402 1715 1765 1765 conficiendum

279 1815 437 1845 cures.
508 1798 623 1860 Ipse
679 1801 935 1860 suscipias,
991 1801 1239 1860 transigas
1296 1811 1604 1858 operamque
1659 1793 1766 1848 deS,

281 1876 447 1939 quoad
487 1876 579 1922 tibi
621 1892 840 1938 aequum
881 1882 935 1922 et
973 1882 1168 1922 rectum
1209 1874 1478 1928 videbitur,
1518 1879 1576 1919 ut
1615 1887 1765 1934 quam

280 1954 681 2001 commodissima
705 1954 995 2000 condicione
1022 1953 1229 1999 libertus
1255 1951 1531 2006 StraboniS,
1551 1953 1635 2012 qui
1661 1953 1766 1996 eius

281 2035 351 2078 rei
367 2049 516 2078 causa
531 2035 707 2078 missus
724 2039 819 2087 est,
834 2034 1094 2094 negotium
1110 2030 1342 2076 conficiat
1357 2030 1420 2076 ad
1435 2043 1766 2089 nummosque

281 2112 559 2171 perveniat.
629 2109 690 2156 Id
723 2116 777 2155 et
808 2108 930 2154 mihi
962 2111 1303 2171 gratissimum
1338 2110 1450 2162 erit,
1485 2113 1539 2153 et
1570 2112 1628 2152 tu
1660 2108 1766 2167 ipse

285 2185 340 2232 L.
358 2185 546 2232 Titium
562 2202 832 2248 cognosces
848 2188 1069 2231 amicitia
1084 2192 1172 2231 tua
1188 2184 1551 2247 dignissimum.
1618 2180 1766 2239 Quod

283 2270 341 2309 ut
365 2264 457 2310 tibi
482 2279 630 2309 curae
655 2267 738 2318 sit,
762 2270 821 2310 ut
844 2265 1013 2309 omnia
1035 2262 1201 2309 solent
1226 2278 1352 2316 esse,
1378 2277 1508 2323 quae
1533 2275 1616 2305 me
1640 2257 1766 2304 velle

282 2343 393 2395 scis,
417 2347 470 2386 te
495 2339 825 2386 vehementer
849 2343 1003 2386 etiam
1028 2346 1183 2401 atque
1209 2342 1363 2384 etiam
1386 2354 1523 2401 rogo.

347 2505 364 2524 ‘²
396 2500 446 2540 L.
464 2500 691 2540 Volcatius
705 2499 874 2546 Tullus,
891 2499 989 2540 who
1004 2499 1186 2540 became
1200 2497 1354 2539 consul
1369 2499 1412 2538 in
1429 2500 1498 2538 33.
1543 2496 1649 2537 This
1662 2508 1768 2548 year

288 2553 343 2594 he
364 2568 452 2594 was
474 2558 648 2606 praetor
667 2558 713 2594 at
736 2554 890 2595 Rome.

293 2625 355 2666 50
