1837 3029
862 146 1113 194 CICERO

949 297 1027 343 III

623 439 680 472 Μ.
717 441 891 472 CICERO
926 441 963 472 S.
1002 442 1047 472 1).
1086 442 1129 479 Q.
1168 442 1351 473 FRATRI

726 543 909 591 Romae,
934 558 1063 585 A.U.C.
1088 548 1184 586 698.

197 665 215 704 1
306 656 487 720 Scripsi
533 658 597 705 ad
642 665 695 705 te
742 666 895 706 antea
938 663 1230 722 supcriora3
1293 677 1425 708 nunc
1470 675 1730 724 cognosce,

243 751 422 805 postea
455 761 585 808 quae
619 748 721 792 sint
755 752 882 793 acta.
951 747 998 794 A
1037 747 1146 793 Kal.
1185 748 1330 794 Febr.
1367 747 1648 812 legationes
1679 750 1731 793 in

245 829 364 878 Idus
388 832 532 879 Febr.
556 833 908 880 reiciebantur.
965 834 1040 881 Eo
1061 835 1142 881 die
1164 852 1242 881 res
1264 834 1495 882 confecta
1515 853 1615 882 non
1637 840 1729 881 est.

244 919 305 965 A.
337 919 385 966 d.
419 935 483 966 ιν.
517 920 644 967 Non.
679 921 824 968 Febr.
860 921 984 969 Milo
1015 921 1193 969 adfuit.
1258 923 1318 969 Ei
1349 922 1617 985 Pompeius
1647 921 1732 970 ad-

243 1013 450 1054 vocatus
466 1011 621 1055 venit.
675 1008 820 1056 Dixit
840 1009 1127 1066 Marcellus,
1146 1027 1174 1056 a
1191 1027 1272 1057 me
1289 1017 1510 1075 rogatus.
1563 1009 1732 1056 Hone-

243 1099 321 1140 ste
347 1094 678 1143 discessimus.
743 1096 996 1144 Producta
1021 1098 1127 1145 dies
1159 1105 1236 1145 est
1264 1101 1317 1144 in
1344 1113 1454 1145 vm.
1482 1097 1557 1145 Id.
1584 1097 1730 1144 Febr.

244 1180 457 1229 Interim
506 1186 706 1231 reiectis
756 1183 1093 1248 legationibus
1138 1189 1190 1232 in
1235 1186 1373 1241 Idus,
1417 1184 1733 1232 referebatur

242 1268 305 1315 de
334 1274 596 1331 provinciis
622 1279 948 1334 quaestorum
975 1280 1027 1319 et
1052 1274 1116 1320 de
1141 1274 1375 1320 ornandis
1399 1273 1730 1336 praetoribus.

242 1355 341 1403 Sed
369 1373 466 1413 res,
493 1358 665 1406 multis
695 1359 928 1422 querellis
958 1361 1022 1408 de
1050 1360 1307 1424 republica
1335 1360 1732 1424 interponendis,

242 1444 377 1491 nulla
404 1452 660 1493 transacta
687 1454 779 1495 est.
841 1447 969 1495 Cato
995 1448 1163 1512 legem
1189 1448 1528 1512 promulgavit
1553 1449 1616 1496 de
1642 1451 1732 1494 im·

241 1535 380 1593 perio
420 1533 623 1581 Lentuli
662 1536 967 1600 abrogando.
1040 1535 1295 1584 Vestitum
1333 1536 1460 1583 filius
1497 1538 1728 1582 mutavit.

193 1627 217 1665 2
243 1620 303 1665 A.
339 1621 386 1668 d.
421 1637 529 1668 vm.
567 1622 640 1669 Id.
678 1623 823 1669 Febr.
862 1623 986 1670 Milo
1021 1623 1198 1671 adfuit.
1267 1624 1413 1671 Dixit
1445 1623 1731 1687 Pompeius,

240 1700 342 1753 sive
372 1708 528 1756 voluit
551 1724 563 1765 3
609 1727 744 1766 nam,
772 1718 829 1758 ut
857 1715 1092 1767 surrexit,
1120 1728 1305 1774 operae
1334 1711 1607 1759 Clodianae
1633 1709 1730 1758 cla-

240 1811 429 1842 morem
456 1797 768 1845 sustulerunt
792 1814 804 1854 ;
846 1799 998 1862 idque
1024 1803 1069 1846 ei
1093 1806 1343 1862 perpetua
1365 1803 1594 1846 oratione
1615 1815 1730 1846 con-

241 1885 376 1946 tigit,
408 1901 507 1931 non
537 1886 687 1932 modo
720 1893 776 1932 ut
808 1886 1186 1942 acclamatione,
1217 1887 1307 1934 sed
1338 1894 1395 1934 ut
1425 1889 1645 1934 convicio
1676 1891 1730 1933 et

240 1970 520 2018 maledictis
545 1974 890 2035 impediretur.
950 1973 1048 2032 Qui
1075 1981 1131 2021 ut
1155 1978 1407 2037 peroravit
1431 1975 1569 2038 (nam
1592 1977 1644 2020 in
1669 1990 1729 2021 eo

239 2076 360 2104 sanc
388 2058 528 2106 fortis
559 2059 673 2116 fuit,
701 2079 799 2107 non
828 2069 905 2108 cst
935 2063 1226 2117 deterritus,
1253 2063 1380 2109 dixit
1409 2065 1574 2108 omnia
1599 2077 1610 2117 ;
1653 2068 1727 2107 at-

241 2163 338 2207 que
387 2149 642 2194 interdum
686 2153 841 2195 etiam
879 2149 1078 2196 silentio
1113 2167 1226 2196 curn
1250 2153 1570 2197 auctoritate
1617 2165 1727 2211 per-

242 2235 438 2299 egerat)
465 2236 553 2282 sed
576 2243 632 2282 ut
656 2241 926 2299 peroravit,
953 2241 1171 2284 surrexit
1196 2237 1413 2285 Clodius.
1467 2238 1527 2284 Ei
1553 2243 1726 2284 tantus

300 2371 319 2389 ⁰
348 2366 433 2414 i.e.‚
450 2366 497 2406 of
515 2366 680 2407 Cilicia.
731 2367 813 2407 His
833 2381 911 2408 son
934 2368 1139 2409 assumed
1157 2370 1395 2421 mourning
1413 2368 1481 2420 (as
1495 2381 1585 2409 was
1605 2367 1724 2409 often

242 2417 357 2514 fdotrlre
392 2422 433 2460 in
467 2421 575 2461 such
609 2423 965 2472 circumstances)
1000 2427 1045 2463 to
1078 2425 1215 2464 excite
1247 2423 1488 2475 sympathy
1522 2422 1625 2463 with
1658 2422 1724 2462 his

261 2486 286 2512 a
340 2487 398 2515 er.

246 2537 342 2585 486
