1837 3029
863 160 1112 207 CICERO

249 287 476 334 εὐλυσίαν
510 289 710 338 κοιλίας.
784 290 882 335 Fac
914 288 1074 335 bellus
1098 296 1369 335 revertare.
1443 288 1555 335 Non
1580 289 1730 335 modo

199 362 225 400 2
250 363 320 410 te,
336 356 425 403 sed
445 359 598 403 etiam
624 356 959 403 Tusculanum
977 363 1202 402 nostrum
1221 355 1332 418 plus
1352 371 1533 402 amem.
1582 355 1730 402 Parc-

247 423 393 469 drum
415 426 598 478 excita,
620 430 677 469 ut
697 422 899 470 hortum
921 427 1027 485 ipse
1048 423 1312 470 conducat.
1366 422 1446 469 Sic
1464 421 1729 487 holitorem

248 493 411 550 ipsum
459 491 811 537 commovebis.
905 490 1102 536 Helico1
1150 493 1483 552 nequissimus
1531 488 1615 536 HS
1654 504 1730 537 (³13

249 557 423 611 dabat,
451 556 586 603 nullo
615 560 782 620 aprico
808 556 973 612 horto,
1001 557 1136 603 nullo
1165 560 1437 612 emissario,
1464 555 1598 602 nulla
1625 572 1728 602 ma-

248 627 398 678 ceria,
426 623 561 670 nulla
588 640 717 670 casa.
781 624 885 670 Iste
914 641 1002 670 nos
1031 631 1177 670 tanta
1204 628 1432 686 impensa
1457 623 1729 670 derideat?

249 689 450 736 Calface
468 690 740 745 hominem,
757 699 812 737 ut
831 708 925 755 ego
946 691 1261 737 Mothonem.
1308 691 1490 754 Itaque
1507 689 1730 737 abundo2

198 764 223 803 3
247 760 454 804 coronis.
523 759 601 803 De
635 758 822 805 Crabra
853 759 975 821 quid
1006 766 1204 822 agatur,
1237 761 1331 804 etsi
1363 775 1494 804 nunc
1525 758 1729 820 quidem

250 828 402 870 etiam
435 828 643 871 nimium
673 833 751 872 est
780 842 961 888 aquae,
988 833 1162 873 tamen
1192 825 1340 872 velim
1369 828 1509 872 scire.
1573 824 1731 870 Horo-

248 890 436 953 logium
481 896 682 938 mittam
728 900 781 939 et
823 893 991 948 libros,
1035 896 1073 939 si
1119 896 1214 939 erit
1257 893 1453 939 sudum.
1531 890 1630 938 Sed
1672 898 1730 937 tu

248 958 475 1005 nullosne
512 967 682 1006 tecum
718 959 951 1007 libellos?
1007 977 1070 1006 an
1105 963 1284 1023 pangis
1321 959 1509 1022 aliquid
1543 957 1731 1020 Sopho-

248 1025 454 1072 cleum?
508 1027 605 1073 Fac
639 1044 763 1089 opus
797 1035 1056 1089 appareat.
1125 1028 1185 1072 A.
1224 1027 1473 1090 Ligurius,
1506 1025 1731 1072 Caesaris

249 1091 522 1148 familiaris,
546 1101 774 1141 mortuus
800 1102 896 1149 est,
921 1096 1080 1141 bonus
1106 1093 1255 1140 homo
1281 1101 1335 1140 et
1359 1094 1501 1140 nobis
1527 1095 1729 1139 amicus.

249 1159 320 1205 Te
348 1161 550 1222 quando
576 1169 947 1224 exspectemus,
973 1161 1051 1208 fac
1078 1169 1135 1208 ut
1161 1165 1328 1208 sciam.
1389 1160 1521 1207 Cura
1546 1167 1600 1207 te
1625 1159 1733 1207 dili-

248 1234 447 1290 genter.
514 1227 655 1276 Vale.

930 1430 1054 1478 XIX

663 1563 719 1596 Μ.
753 1564 800 1597 Τ.
835 1565 876 1596 c.
913 1565 951 1596 s.
988 1565 1031 1596 P.
1069 1565 1115 1596 ι).
1151 1564 1324 1595 Tmom

765 1666 958 1715 Tusculi,
978 1681 1109 1708 A.u.c.
1131 1670 1227 1708 709.

321 1783 577 1846 Exspecto
613 1791 727 1831 tuas
762 1784 958 1831 litteras
994 1785 1057 1831 de
1094 1783 1264 1830 multis
1295 1783 1463 1839 rebus,
1492 1790 1545 1831 te
1573 1786 1736 1846 ipsum

623 1902 638 1925 ¹
669 1902 827 1943 Salaco
851 1902 1003 1942 Scleiitz
1023 1919 1031 1942 ε
1067 1901 1226 1942 Helluo
1248 1901 1375 1942 Reid.

445 1954 462 1980 ⁸
491 1956 599 1997 Boot
620 1958 710 1997 and
731 1957 873 1996 Reid:
907 1957 1066 1996 abutor
1091 1957 1258 2008 Tyrrell
1280 1957 1370 1996 and
1391 1956 1545 1996 others.

319 2087 335 2104 ⁰
369 2083 500 2122 Some
521 2081 682 2123 editors
705 2082 806 2122 read
831 2086 984 2132 τέρψιν,
1007 2082 1031 2098 “
1052 2080 1374 2122 amusement.''

321 2136 335 2159 ⁶
368 2136 520 2176 cicero
557 2136 712 2176 wishes
744 2136 847 2176 Tiro
886 2140 930 2176 to
974 2150 1080 2186 urge
1113 2149 1198 2176 one
1234 2134 1466 2177 Paredrus.
1497 2149 1524 2175 a
1546 2133 1736 2175 market-

262 2189 491 2238 gardener,
514 2193 558 2230 to
581 2194 676 2230 rent
695 2189 884 2230 Cicero's
904 2185 1088 2242 garddn,
1110 2189 1199 2229 and
1219 2202 1270 2229 so
1290 2190 1367 2228 stir
1388 2203 1448 2240 up
1469 2189 1542 2228 the
1563 2192 1738 2240 present

260 2243 492 2292 gardener,
514 2243 612 2283 who
640 2245 677 2284 is
706 2246 875 2296 paying
903 2257 930 2283 a
961 2243 1246 2294 ridiculously
1273 2242 1400 2282 small
1430 2246 1540 2289 rent,
1563 2244 1606 2282 in
1627 2244 1739 2295 spite

263 2298 312 2335 of
330 2297 400 2336 the
423 2299 761 2348 improvements
782 2297 935 2337 Cicero
956 2297 1042 2337 had
1065 2296 1260 2348 recently
1283 2295 1411 2336 made
1433 2298 1475 2335 in
1498 2298 1542 2336 it.

322 2355 336 2373 ⁶
368 2351 645 2402 Apparently
663 2351 849 2391 another
868 2350 1292 2403 market-gardener.

321 2403 339 2426 ‘¹
369 2404 462 2444 'l'he
484 2409 657 2456 present
674 2404 903 2457 gardener.

319 2463 333 2480 ⁶
367 2459 435 2497 An
468 2458 692 2510 aqueduct
720 2458 958 2505 extending
987 2458 1101 2497 from
1133 2457 1374 2497 Tusculum
1405 2461 1451 2497 to
1486 2456 1639 2503 Rome,
1672 2457 1740 2497 for

262 2511 335 2551 the
357 2525 431 2551 use
452 2514 503 2551 of
519 2512 660 2553 which
680 2512 832 2553 Cicero
854 2512 956 2564 paid
978 2526 1005 2552 a
1023 2517 1112 2552 tax.

268 2581 360 2623 358
