1837 3029
905 197 1157 244 CICERO

287 324 362 369 fici
389 328 558 386 possit.
629 325 797 382 Quare
824 332 945 386 peto
971 342 999 370 a
1019 331 1089 379 te,
1111 331 1167 371 ut
1193 332 1246 371 et
1271 341 1355 371 eos
1377 331 1431 371 et
1454 322 1770 384 Ἀλαβανδεῖς

236 397 261 435 2
285 389 458 437 iubeas
491 391 683 437 ecdicos
716 392 926 437 Romam
956 394 1178 437 mittere.
1247 391 1519 438 Praeterea
1551 390 1773 439 Rhilotes

284 457 651 504 Alabandensis
702 457 939 518 ὑποθήκας
1003 458 1176 504 Cluvio
1238 459 1395 505 dedit.
1479 458 1592 505 Hae
1635 475 1772 506 com-

284 528 464 570 missae
509 533 642 571 sunt.
711 525 873 571 Velim
920 542 1079 580 cures,
1126 532 1183 571 ut
1229 533 1318 571 aut
1364 525 1427 571 de
1473 524 1770 588 hypothecis

283 591 500 637 decedat
554 609 740 654 easque
794 593 1204 654 ‘procuratoribus
1257 592 1398 638 Cluvi
1458 592 1630 639 tradat,
1681 600 1772 639 aut,

282 661 544 719 pecuniam
578 659 754 705 solvat.
823 659 1098 705 Praeterea
1128 658 1464 706 Heracleotae
1497 666 1551 705 et
1582 658 1770 722 Bargy-

282 725 452 772 lietae.
490 729 574 787 qui
611 729 734 772 item
773 726 983 781 debent,
1021 733 1110 772 aut
1145 729 1410 788 pecuniam
1447 725 1645 773 solvant
1680 733 1770 773 aut

233 798 258 837 3
282 791 526 838 fructibus
545 797 644 839 suis
663 792 991 839 satisfaciant.
1061 793 1236 839 Caunii
1257 800 1522 855 practerea
1541 793 1733 839 debent
1756 808 1768 847 ;

281 859 370 905 sed
393 862 535 905 aiunt
552 877 606 906 se
628 860 910 921 depositam
932 863 1197 921 pecuniam
1219 859 1468 910 habuisse,
1538 859 1599 907 Id
1619 860 1766 906 veliin

279 942 583 989 cognoscas3
638 934 708 981 et,
743 930 781 972 si
817 927 1144 981 intellexeris,
1180 944 1262 972 eos
1299 943 1465 989 neque
1502 943 1564 973 ex
1601 927 1766 973 edicto

280 1009 446 1055 neque
482 1010 543 1039 ex
578 994 784 1040 decreto
818 995 1100 1055 depositam
1135 993 1386 1049 habuisse,
1421 994 1509 1040 dcs
1543 1010 1767 1055 operam,

281 1067 337 1105 ut
386 1077 564 1106 usurae
613 1061 786 1107 Cluvio
822 1064 1057 1107 instituto
1104 1068 1192 1107 tuo
1229 1067 1602 1107 conserventur.
1675 1061 1766 1107 His

279 1127 342 1173 de
365 1128 514 1173 rebus
539 1145 598 1173 eo
629 1131 790 1191 magis
821 1128 1010 1182 laboro,
1034 1128 1168 1190 quod
1201 1131 1369 1191 agitur
1400 1144 1478 1173 res
1503 1127 1593 1174 Cn.
1621 1127 1764 1173 Pom-

279 1197 379 1255 pei,
409 1198 563 1240 etiam
594 1199 750 1241 nostri
779 1198 1025 1241 necessari
1051 1210 1061 1249 ;
1102 1202 1154 1241 et
1184 1195 1318 1257 quod
1347 1198 1386 1247 is
1421 1198 1579 1257 magis
1610 1198 1763 1240 etiam

278 1260 398 1306 mihi
425 1261 652 1308 laborare
680 1262 895 1317 videtur,
923 1279 1073 1324 quam
1101 1265 1207 1323 ipsc
1236 1261 1436 1307 Cluvius
1461 1277 1471 1315 ;
1516 1264 1594 1307 cui
1622 1265 1763 1308 satis-

244 1327 467 1374 -factum
509 1345 618 1375 esse
659 1343 688 1375 a
727 1330 868 1376 nobis
909 1329 1052 1376 valde
1094 1329 1218 1375 volo.
1287 1329 1378 1375 His
1418 1328 1481 1376 de
1520 1328 1670 1376 rebus
1700 1335 1763 1376 te

277 1394 608 1443 vehementer
635 1399 790 1443 etiam
820 1404 976 1459 atque
1006 1399 1160 1443 ctiam
1190 1413 1326 1459 rogo.

661 1722 836 1753 CICERO
870 1722 1080 1752 THERMO
1117 1721 1293 1753 PROPR.
1330 1721 1367 1754 S.

754 1823 1013 1871 Laodiceae,
1033 1838 1166 1864 A.U.c.
1189 1827 1285 1864 704.

227 1938 245 1978 l
336 1930 449 1988 Quo
483 1932 643 1993 magis
676 1930 902 1992 quotidie
937 1946 999 1976 ex
1034 1930 1214 1976 litteris
1248 1933 1537 1993 nuntiisque
1571 1929 1757 1992 bellum

272 2014 513 2059 magnum
544 2014 652 2044 essc
689 2001 739 2043 in
769 1996 913 2060 Syria
947 2014 1210 2060 cognosco,
1247 2013 1307 2043 eo
1345 1996 1693 2044 vehementius
1731 2014 1758 2042 a

273 2071 326 2110 te
365 2081 454 2126 pro
491 2071 661 2111 nostra
704 2064 1076 2110 necessitudine
1118 2064 1388 2118 contendO,
1427 2071 1482 2110 ut
1524 2063 1644 2110 mihi
1683 2064 1755 2109 M.

271 2131 526 2177 Anneium
559 2131 785 2195 legat-um
819 2135 980 2193 primo
1013 2147 1214 2193 quoque
1248 2138 1479 2193 tempore
1511 2134 1757 2178 remittas.

333 2296 352 2315 ⁰
368 2290 474 2353 ‘The
510 2290 782 2331 inhabitants
819 2292 869 2331 of
904 2290 1117 2330 Heraclea
1151 2290 1262 2341 (also
1297 2289 1436 2331 called
1473 2288 1679 2341 Salbace)
1713 2291 1754 2331 in

276 2343 487 2439 Cabnxlso
509 2400 551 2438 in
574 2398 718 2438 Caria.
986 2446 989 2450 ,

338 2458 352 2477 ⁶
384 2453 455 2492 An
476 2452 720 2503 unhealthy
740 2456 856 2492 town
881 2454 922 2492 in
946 2453 1090 2499 Caria,
1111 2453 1285 2492 famous
1307 2453 1374 2492 for
1395 2453 1448 2492 its
1468 2451 1565 2504 figs.

284 2509 287 2511 ’
334 2506 353 2530 ⁶
384 2507 454 2546 An
476 2506 591 2546 edict
611 2520 700 2546 was
721 2508 762 2545 in
784 2506 960 2555 general
982 2511 1129 2551 tei-ms,
1151 2519 1176 2545 a
1195 2506 1349 2546 decree
1369 2519 1488 2547 more
1506 2505 1696 2558 specific.

333 2565 348 2583 ⁶
379 2560 462 2601 See
483 2564 584 2600 note
604 2575 625 2601 c
644 2574 699 2600 on
722 2559 805 2611 Ep.
830 2564 895 2600 55.
928 2566 936 2599 l
963 2561 1118 2600 above.

285 2629 374 2671 136
