1837 3029
127 699 165 736 ll

816 160 1067 207 CICERO

199 291 333 336 urbis
355 291 649 337 disturbatis
673 298 759 336 aut
784 293 1014 343 incensis,
1036 289 1277 351 compulsi
1298 293 1348 334 in
1370 295 1680 351 potestatem

198 387 362 416 meam
387 374 726 433 pervenirent.
784 371 874 415 His
899 377 1044 415 crant
1068 370 1263 415 finitimi
1288 372 1394 431 pari
1417 368 1605 415 scelere
1627 375 1682 415 et

199 452 407 497 audacia
432 452 681 497 Tebarani
705 466 717 506 3
763 451 825 495 ab
853 449 946 505 his,
973 449 1266 496 Pindenisso
1291 457 1459 512 capto,
1483 449 1681 495 obsides

200 536 404 594 accepi3
463 535 739 578 exercitum
782 534 830 576 in
871 530 1082 576 hiberna
1120 531 1298 577 dimisi.
1372 529 1433 588 Q.
1473 528 1681 576 fratrem

199 615 403 674 negotio
441 614 725 673 praeposui,
764 618 819 657 ut
858 614 907 656 in
946 614 1063 656 vicis
1102 618 1190 656 aut
1227 614 1387 673 captis
1425 617 1515 656 aut
1549 608 1680 655 male

198 696 388 753 pacatis
425 696 674 737 exercitus
710 691 1052 736 collocaretur.
1122 691 1266 736 Nunc
1303 690 1450 736 velim
1486 691 1579 736 tibi
1612 692 1681 735 sic

199 773 519 833 persuadms,
550 775 587 816 si
619 772 682 818 de
714 771 788 816 his
818 772 968 816 rebus
999 772 1060 816 ad
1092 778 1322 816 senatum
1355 770 1569 816 relatum
1599 772 1681 825 sit,

198 869 278 898 me
301 856 706 898 existimaturum
728 868 974 897 summam
997 851 1117 896 mihi
1138 851 1339 897 laudem
1360 852 1622 906 tributam,
1641 853 1680 895 si

198 940 253 978 tu
273 932 512 979 honorem
532 949 701 978 meum
719 935 975 978 sententia
992 938 1082 977 tua
1099 932 1451 993 comprobaris.
1502 931 1681 993 quue,

199 1017 294 1059 etsi
325 1013 508 1059 talibus
541 1014 604 1059 de
635 1013 785 1059 rebus
815 1016 1132 1076 gravissimos
1162 1011 1389 1058 homines
1421 1019 1475 1058 et
1503 1027 1680 1074 rogare

198 1093 357 1140 solere
383 1102 436 1140 et
459 1097 623 1157 rogari
647 1097 765 1148 scio,
788 1100 961 1139 tamen
987 1093 1358 1138 admonendum
1385 1096 1551 1154 potius
1575 1099 1628 1138 te
1653 1107 1682 1137 a

198 1191 298 1230 me,
330 1191 481 1237 quam
514 1174 794 1234 rogandum
827 1180 967 1235 puto.
1031 1173 1107 1219 Tu
1142 1189 1193 1218 es
1227 1176 1359 1218 enim
1392 1176 1450 1227 is,
1483 1175 1567 1235 qui
1598 1187 1681 1218 me

199 1258 298 1300 tuis
332 1258 598 1300 sententiis
633 1257 923 1316 saepissime
958 1257 1164 1308 ornasti,
1199 1257 1282 1316 qui
1318 1257 1563 1308 oratione,
1595 1255 1680 1316 qui

199 1336 592 1397 praedicatione,
638 1338 722 1397 qui
768 1337 973 1380 summis
1018 1333 1249 1380 laudibus
1293 1337 1343 1380 in
1389 1341 1588 1389 senatu,
1630 1337 1681 1380 in

198 1417 516 1461 concionibus
557 1416 620 1461 ad
657 1414 853 1461 caelum
892 1414 1137 1469 extulisti,
1173 1418 1312 1460 cuius
1352 1430 1446 1477 ego
1483 1430 1683 1476 semper

200 1504 343 1542 tanta
379 1512 487 1542 esse
522 1497 786 1542 verborum
821 1496 1045 1557 pondera
1079 1499 1271 1557 putavi,
1307 1502 1363 1540 ut
1397 1512 1496 1540 uno
1529 1495 1681 1540 verbo

198 1584 305 1632 tuo,
340 1594 453 1623 cum
488 1593 603 1622 mea
643 1576 792 1622 laude
834 1580 1118 1630 coniuncto,
1153 1579 1321 1621 omnia
1361 1579 1558 1638 assequi
1599 1591 1680 1621 me

199 1659 483 1704 arbitrarer.
538 1657 610 1703 Te
643 1657 863 1719 denique
896 1660 1120 1711 memini,
1143 1674 1255 1702 cum
1288 1657 1486 1703 cuidam
1518 1655 1681 1702 claris-

198 1742 322 1784 simo
374 1746 528 1800 atque
580 1742 771 1799 optimo
824 1741 925 1783 viro
976 1737 1394 1798 supplicationem
1446 1754 1545 1783 non
1595 1737 1681 1783 de-

198 1835 446 1873 cerneres
474 1819 659 1872 dicere,
688 1826 739 1864 te
769 1819 1109 1872 decreturum,
1137 1821 1176 1863 si
1204 1816 1478 1863 referretur
1504 1818 1568 1864 ob
1595 1833 1681 1864 eas

199 1916 296 1953 res,
325 1916 448 1961 quas
478 1903 517 1943 is
547 1898 717 1945 consul
746 1902 795 1943 in
826 1900 949 1944 urbe
978 1901 1232 1960 gessisset.
1294 1898 1369 1944 Tu
1396 1899 1531 1945 idem
1559 1897 1680 1944 mihi

199 1980 616 2042 supplicationem
648 1981 912 2026 decrevisti
944 1986 1140 2041 togam,
1170 1996 1270 2025 non
1302 1986 1359 2025 ut,
1389 1978 1578 2035 multis,
1605 1994 1679 2025 re—

269 2138 286 2155 ⁰
318 2131 650 2182 Distinguished
702 2136 898 2171 senators
949 2136 974 2152 ‘⁶
993 2130 1198 2170 recorded
1252 2131 1364 2170 their
1410 2134 1530 2170 votes
1549 2131 1574 2146 ’'
1620 2130 1682 2183 by

212 2185 397 2236 making
431 2200 455 2224 a
495 2186 667 2237 speech,
708 2198 755 2225 as
795 2185 987 2237 opposed
1025 2189 1069 2225 to
1103 2185 1227 2224 those
1267 2185 1388 2236 “qui
1416 2184 1600 2236 pedibus
1634 2185 1678 2224 in

208 2240 461 2279 sententiam
486 2239 656 2279 ibant.'’

265 2294 279 2315 ”
310 2294 402 2333 ‘l'lie
429 2293 582 2333 consul
611 2292 798 2333 referred
828 2297 871 2332 to
902 2294 935 2332 is
966 2306 1021 2332 no
1049 2292 1189 2332 doubt
1220 2291 1432 2332 Lentulus
1458 2291 1681 2343 Spinther,

205 2347 349 2387 whose
380 2347 646 2398 application
679 2349 745 2386 sor
775 2361 799 2385 a
829 2347 1095 2397 supplicatio
1125 2360 1212 2385 was
1243 2345 1437 2396 opposed
1469 2345 1528 2397 by
1554 2346 1680 2391 Cato,

206 2401 302 2440 who
329 2401 424 2440 said
451 2401 505 2441 he
534 2400 676 2440 would
705 2405 887 2451 support
917 2403 947 2439 it
976 2401 1012 2439 if
1035 2402 1066 2439 it
1095 2414 1203 2438 were
1231 2413 1286 2438 on
1315 2399 1388 2439 the
1413 2399 1610 2450 grounds
1635 2401 1682 2439 of

208 2454 456 2494 Lentulus's
477 2457 660 2494 services
683 2459 727 2493 to
750 2454 821 2493 tlie
845 2455 966 2493 Stat(-
991 2456 1031 2493 in
1055 2453 1321 2504 advoc-ating
1343 2453 1532 2493 Cicero's
1553 2453 1679 2493 recall

203 2522 251 2548 as
272 2508 422 2548 consul
446 2510 486 2548 in
511 2512 578 2550 57.
630 2509 711 2548 See
734 2513 833 2547 note
855 2522 879 2547 ιι
903 2512 946 2548 to
968 2510 994 2548 i.
1022 2512 1056 2548 1.

207 2573 299 2619 ‘250'
