1837 3029
875 187 1128 234 CICERO

252 317 452 364 decrevi
482 319 637 363 etiam
667 319 952 379 imperium,
982 316 1117 379 quod
1146 333 1455 379 quamquam
1485 316 1751 364 videbatur

254 395 320 441 illi
346 398 505 441 aetati
530 393 876 449 honorificum,
901 400 1075 440 tamen
1101 401 1211 440 erat
1236 397 1516 440 exercitum
1540 393 1750 441 habenti

253 475 608 527 necessarium,
642 472 763 535 quid
796 474 930 518 enim
964 478 1042 517 est
1073 474 1180 517 sine
1213 473 1422 533 imperio
1457 471 1750 518 exercitus?

252 549 486 597 Statuam
534 548 792 612 Philippus
839 548 1080 604 decrevit,
1126 548 1445 595 celeritatem
1489 551 1749 611 petitionis

252 630 412 690 primo
447 626 663 683 Servius,
697 634 811 689 post
844 629 1086 673 maiorem
1120 629 1275 672 etiam
1309 625 1578 673 Servilius:
1630 624 1751 672 nihil

204 712 228 751 8
253 712 364 751 tum
390 708 602 751 nimium
627 705 908 751 videbatur.
971 703 1072 751 Sed
1097 707 1263 750 nescio
1290 721 1389 766 quo
1414 703 1564 750 modo
1592 701 1752 750 homi-

253 799 342 829 nes
372 782 563 829 facilius
592 785 644 829 in
673 785 853 829 timore
883 783 1090 842 benigni
1120 798 1273 844 quam
1302 785 1353 827 in
1381 784 1591 828 victoria
1618 783 1750 845 grati

252 864 609 923 reperiuntur:
655 876 750 924 ego
782 863 934 915 enim,
967 859 1029 906 D.
1067 859 1223 905 Bruto
1257 859 1470 906 liberato
1503 875 1618 905 cum
1650 858 1752 906 lae-

251 942 471 986 tissimus
494 938 576 984 ille
602 941 794 984 civitati
820 938 926 984 dies
947 937 1196 983 illuxisset
1222 937 1459 1000 idemque
1485 953 1605 984 casu
1629 936 1751 984 Bru-

252 1020 292 1063 ti
326 1016 506 1063 natalis
550 1022 702 1071 esset,
737 1016 953 1071 decrevi,
988 1023 1045 1062 ut
1082 1018 1132 1061 in
1169 1014 1311 1062 fastis
1352 1014 1417 1062 ad
1457 1031 1575 1062 eum
1615 1015 1750 1063 diem

253 1094 395 1141 Bruti
423 1111 608 1141 nomen
629 1095 981 1149 ascriberetur,
1008 1096 1058 1139 in
1080 1110 1241 1156 eoque
1262 1110 1373 1139 sum
1393 1096 1640 1140 maiorum
1665 1109 1751 1140 ex·-

217 1206 220 1209 -
253 1172 477 1235 emplum
495 1179 715 1227 secutus,
739 1175 823 1234 qui
844 1170 976 1217 hunc
996 1170 1239 1218 honorem
1259 1171 1455 1218 mulieri
1478 1170 1750 1218 Larentiae

251 1251 557 1305 tribuerunt,
591 1253 730 1296 cuius
769 1266 854 1296 vos
886 1249 1148 1311 pontifices
1179 1249 1244 1295 ad
1281 1266 1419 1295 aram
1449 1251 1499 1295 in
1533 1248 1751 1296 Velabro

250 1328 546 1376 sacrificium
562 1326 729 1374 facere
747 1327 945 1373 soletis:
979 1327 1113 1389 quod
1131 1343 1225 1389 ego
1242 1343 1357 1372 cum
1373 1326 1558 1373 dabam
1576 1326 1750 1383 Bruto,

253 1413 426 1452 notam
462 1422 571 1452 esse
605 1408 656 1451 in
688 1404 830 1451 fastis
864 1408 1181 1467 gratissimae
1215 1407 1452 1451 victoriae
1485 1407 1751 1467 sempiter-

252 1500 370 1530 nam
395 1483 626 1529 volebam
651 1498 662 1539 3
705 1485 847 1545 atqui
871 1482 952 1528 illo
978 1483 1058 1529 die
1083 1485 1293 1545 cognovi
1317 1482 1484 1545 paullo
1507 1482 1675 1546 plures
1699 1485 1750 1528 in

252 1568 434 1624 senatu
468 1560 738 1607 malevolos
774 1576 883 1607 esse
919 1577 1071 1622 quam
1105 1567 1291 1623 gratos.
1361 1559 1460 1607 Eos
1494 1576 1586 1623 per
1617 1563 1749 1623 ipsos

251 1639 357 1686 dies
390 1638 649 1685 effudi—si
682 1641 755 1684 ita
788 1637 1139 1685 vis—honores
1173 1640 1225 1684 in
1257 1645 1498 1693 mortuos,
1525 1637 1749 1685 Hirtium

251 1724 305 1764 et
340 1716 574 1773 Pansam,
599 1716 842 1779 Aquilam
876 1719 1063 1771 etiam3
1101 1716 1236 1778 quod
1269 1719 1379 1778 quis
1404 1714 1749 1778 reprehendit,

252 1798 344 1841 nisi
380 1798 465 1857 qui
499 1795 729 1856 deposito
763 1801 906 1840 metu
940 1796 1203 1856 praeteriti
1238 1793 1445 1855 periculi
1476 1792 1630 1841 fuerit
1663 1795 1750 1841 ob-

200 1873 410 1919 91itus?
479 1872 774 1919 Accedebat
820 1871 884 1918 ad
930 1872 1161 1917 beneficii
1206 1875 1502 1918 memoriam
1547 1878 1747 1935 gratam

250 1954 378 1997 r'atio
399 1950 499 2006 illa,
521 1966 651 2013 quae
674 1952 829 1996 etiam
850 1953 1062 2012 posteris
1086 1955 1221 1995 esset
1240 1949 1471 1996 salutaris
1497 1965 1508 1995 z
1547 1955 1748 1997 exstare

251 2031 385 2075 enim
428 2028 660 2075 volebam
702 2030 753 2073 in
795 2027 1161 2074 crudelissimos
1205 2025 1375 2074 hostes
1416 2035 1748 2074 monumenta

310 2218 329 2238 ⁶
361 2213 446 2253 For
473 2212 652 2253 Servius
680 2212 886 2264 Sulpicus
917 2212 1061 2252 Rufus
1088 2225 1159 2252 see
1186 2213 1302 2265 Epp.
1332 2213 1390 2253 ad
1421 2212 1543 2253 Fam.
1573 2213 1628 2254 iv.
1662 2215 1744 2253 1-6.

254 2267 366 2330 Like
394 2267 624 2318 Philippus
649 2267 739 2307 and
765 2266 990 2313 Servilius,
1018 2266 1071 2306 he
1097 2279 1186 2306 was
1212 2265 1427 2318 prepared
1453 2270 1498 2306 to
1525 2268 1746 2318 negotiate

253 2336 282 2362 u
298 2322 729 2423 lghAtxcrggoss{.rentia’
752 2388 778 2414 a
802 2376 1065 2426 mysterious
1088 2387 1334 2426 personage
1356 2374 1407 2414 of
1424 2373 1547 2426 early
1570 2373 1746 2415 Roman

253 2429 617 2524 ΙΘέξξὲῃὶῗί..Ροῐιῒὶυε
639 2482 819 2535 Aquila,
840 2496 867 2522 a
887 2482 1178 2534 tyrannicide.
1241 2482 1310 2523 He
1331 2494 1420 2522 was
1444 2480 1582 2522 killed
1607 2482 1651 2522 in
1672 2481 1748 2525 the

250 2539 400 2580 action
423 2541 471 2578 at
497 2538 691 2578 Mutina.

247 2609 342 2653 '710
