1837 3029
831 167 1080 216 CICERO

212 297 384 344 Tertio
408 297 489 345 die
515 298 603 344 abs
627 304 680 344 te
706 297 770 344 ad
795 297 1024 360 Alyziam
1049 312 1434 344 accesseramus.
1491 295 1541 344 Is
1564 296 1701 344 locus

213 392 292 432 est
335 389 461 432 citra
507 385 795 432 Leucadem
839 385 1003 431 stadia
1047 400 1151 431 cxx.
1233 383 1468 432 Leucade
1512 391 1602 432 aut
1643 391 1698 431 te

212 476 394 536 ipsum,
440 480 528 519 aut
573 480 687 519 tuas
732 473 927 519 litteras
973 489 1003 519 a
1051 471 1282 519 Marione
1326 472 1571 536 putabam
1616 488 1698 518 me

214 568 554 623 accepturum.
630 560 892 618 Quantum
933 576 1014 606 me
1057 560 1238 625 diligis,
1279 567 1480 607 tantum
1521 558 1601 606 fac
1641 566 1699 606 ut

215 647 398 702 valeas,
424 647 501 694 vel
527 655 774 710 quantum
813 655 863 694 te
901 665 932 695 a
967 664 1047 695 me
1074 651 1166 694 seis
1191 647 1346 711 diligi.
1419 647 1574 694 Nonis
1599 646 1697 694 No-

214 736 400 782 vembr.
428 735 621 799 Alyzia.

929 936 1010 984 III

270 1080 473 1112 TULLIUS
510 1081 571 1112 ET
605 1082 778 1112 CICERO
812 1081 986 1112 TIRONI
1021 1081 1111 1112 SUO
1145 1082 1183 1114 S.
1220 1082 1267 1114 D.
1305 1082 1366 1113 ET
1399 1081 1444 1118 Q.
1481 1080 1642 1112 PATER

789 1149 849 1179 ET
884 1149 926 1185 Q.
965 1149 1123 1180 FILIUS

722 1262 918 1313 Alyziae,
941 1276 1072 1303 A.u.c.
1095 1265 1191 1303 704.

165 1387 183 1428 l
275 1377 377 1425 Nos
410 1379 543 1441 apud
577 1378 825 1442 Alyziam,
859 1394 921 1424 ex
954 1394 1054 1441 quo
1087 1377 1193 1424 loco
1226 1379 1317 1425 tibi
1349 1378 1546 1425 litteras
1578 1384 1697 1424 ante

211 1466 531 1522 dederamus,
580 1483 735 1512 unum
789 1467 923 1512 diem
975 1470 1270 1512 commorati
1323 1483 1512 1522 sumus,
1564 1464 1699 1528 quod

213 1554 432 1612 Quintus
457 1572 544 1601 nos
568 1562 866 1601 consecutus
891 1571 990 1600 non
1016 1562 1140 1601 erat.
1200 1554 1248 1600 Is
1272 1555 1379 1601 dies
1402 1553 1500 1600 fuit
1523 1553 1699 1600 Nonae

215 1642 483 1689 Novembr.
540 1642 665 1689 Inde
688 1650 807 1688 ante
828 1641 991 1688 lucem
1013 1642 1404 1704 proficiscentes,
1425 1649 1544 1689 ante
1563 1642 1698 1688 diem

213 1746 320 1777 vm.
349 1730 468 1777 Idus
494 1730 763 1776 Novembr.
790 1729 879 1776 has
903 1729 1099 1776 litteras
1125 1730 1370 1777 dedimus.
1428 1729 1522 1786 Tu,
1546 1732 1585 1775 si
1610 1745 1698 1775 nos

214 1835 386 1864 omnes
414 1835 550 1864 amas
577 1826 629 1865 et
655 1822 924 1880 praecipue
951 1834 1050 1873 me,
1075 1822 1373 1881 magistrum
1398 1825 1562 1874 tuum,
1583 1834 1698 1864 con-

163 1913 189 1951 2
214 1906 355 1952 firma
386 1914 455 1953 te.
522 1906 631 1969 Ego
665 1906 807 1952 valde
841 1922 1081 1968 suspenso
1114 1910 1280 1952 animo
1313 1913 1571 1968 exspecto,
1602 1908 1698 1967 pri-

215 2011 351 2040 mum
382 2001 434 2040 te
465 1994 670 2049 scilicet,
700 1995 883 2041 deinde
918 1994 1199 2040 Marionem
1230 2011 1344 2040 cum
1372 1997 1472 2041 tuis
1498 1993 1695 2040 litteris.

215 2082 404 2128 Omnes
446 2086 691 2144 cupimus,
735 2098 829 2146 ego
871 2085 921 2128 in
963 2085 1152 2144 primiS‚
1194 2099 1346 2145 quam
1387 2085 1604 2145 primum
1642 2087 1697 2127 te

215 2170 401 2225 videre,
425 2171 531 2225 sed,
555 2174 621 2216 mi
645 2170 777 2225 Tiro,
802 2169 1072 2216 valentem.
1130 2169 1298 2228 Quare
1323 2169 1443 2216 nihil
1464 2185 1697 2232 propera-

214 2261 308 2311 τῖες
349 2262 487 2313 satis,
515 2275 613 2321 quo
641 2266 694 2304 te
722 2258 801 2304 die
831 2258 1018 2312 videro,
1045 2260 1084 2303 si
1113 2257 1315 2304 valebis.
1379 2257 1696 2304 Utilitatibus

214 2349 312 2391 tuis
352 2363 551 2408 poss-um
592 2361 796 2400 carere;
853 2353 906 2391 te
946 2344 1130 2400 valere,
1168 2352 1257 2392 tua
1295 2361 1444 2392 causa
1480 2348 1695 2408 primum

214 2434 340 2480 volo.
366 2442 474 2480 tum
500 2450 630 2488 mea,
654 2437 721 2479 mi
744 2433 874 2480 Tiro.
943 2432 1083 2480 Vale.

219 2588 313 2629 320
