1837 3029
821 164 1073 211 CICERO

203 314 300 360 ego
324 303 378 343 te
403 298 631 343 accusavi
655 310 666 350 ;
708 294 797 341 sed
823 311 927 349 vos,
950 311 1064 340 cum
1089 296 1389 355 praesertim
1413 299 1521 340 tam
1542 296 1688 356 pauci

154 396 179 432 6
202 390 328 442 sitis,
364 386 493 434 volui
532 403 640 432 esse
677 402 828 448 quam
864 387 1312 431 coniunctissimos.
1379 383 1574 442 Quibus
1607 399 1689 430 me

203 476 402 524 voluisti
420 494 571 540 agere
588 479 797 540 gratias,
815 477 914 538 egi,
932 482 985 521 et
1001 491 1082 520 me
1101 491 1129 519 a
1148 481 1199 521 te
1216 477 1483 521 certiorem
1498 473 1689 521 factum

204 584 315 615 esse
340 570 528 629 scripsi.
597 567 747 624 Quod
774 566 838 612 ad
865 582 964 619 me,
991 582 1107 611 mea
1131 564 1390 620 Terentia,
1415 565 1606 620 scribis,
1636 571 1690 611 te

203 662 366 706 vicum
409 658 747 713 vendituram,
776 657 915 719 quid,
943 656 1151 702 obsecro
1188 662 1242 702 te
1271 657 1374 719 (me
1402 659 1641 702 miserum
1658 655 1690 718 Ξ)

203 750 325 814 quid
344 749 570 796 futurum
593 755 671 795 est
694 749 711 794 ?
780 749 865 804 Et,
884 750 924 794 si
944 763 1033 793 nos
1052 753 1253 809 premet
1272 747 1453 794 eadem
1470 745 1692 803 fortuna,

204 842 326 905 quid
357 858 514 904 puero
543 843 726 886 misero
755 839 885 885 fiet?
953 837 1067 884 Non
1093 854 1226 901 queo
1251 837 1445 901 reliqua
1474 839 1692 885 scribere

204 935 373 997 (tanta
388 936 459 979 vis
475 931 790 978 lacrimarum
810 930 927 993 est),
944 946 1110 993 neque
1127 936 1180 976 te
1196 932 1246 975 in
1263 929 1500 976 eumdem
1515 929 1691 976 fletum

203 1025 468 1072 adducam.
534 1022 755 1069 Tantum
783 1022 945 1068 scribo
969 1038 979 1067 :
1024 1023 1063 1067 si
1092 1027 1243 1067 erunt
1267 1023 1318 1066 in
1344 1021 1504 1067 officio
1529 1023 1693 1076 amici,

203 1118 419 1179 pecunia
456 1132 555 1161 non
595 1114 794 1168 deerit3
850 1116 890 1159 si
930 1129 1029 1158 non
1069 1119 1236 1167 erunt,
1274 1118 1331 1158 tu
1369 1111 1566 1158 efficere
1603 1118 1694 1158 tua

203 1210 419 1272 pecunia
450 1223 549 1252 non
581 1206 787 1268 poteris.
856 1202 952 1249 Per
982 1201 1211 1249 fortunas
1242 1206 1450 1249 miseras
1481 1209 1694 1258 nostras,

205 1299 338 1354 vide,
362 1314 426 1344 ne
449 1313 663 1360 puerum
689 1295 945 1358 perditum
970 1294 1256 1356 perdamus.
1324 1293 1417 1340 Cui
1441 1296 1481 1340 si
1505 1293 1694 1357 aliquid

204 1393 319 1446 erit,
343 1405 407 1436 ne
433 1395 604 1452 egeat,
628 1386 867 1433 mediocri
893 1388 1081 1432 virtute
1106 1402 1231 1448 opus
1257 1392 1353 1441 est,
1378 1391 1432 1432 et
1455 1385 1693 1432 mediocri

156 1489 182 1527 6
204 1480 426 1536 fortuna,
448 1486 505 1526 ut
525 1485 699 1525 cetera
718 1484 1074 1540 consequatur.
1143 1476 1242 1523 Fac
1264 1475 1431 1523 valeas
1453 1483 1507 1523 et
1527 1476 1592 1523 ad
1612 1493 1694 1523 me

204 1571 493 1619 tabellarios
517 1573 711 1625 mittas,
736 1575 793 1615 ut
817 1571 989 1623 sciam,
1014 1567 1135 1631 quid
1160 1574 1360 1631 agatur,
1386 1574 1440 1614 et
1464 1584 1549 1614 vos
1573 1567 1694 1630 quid

205 1666 386 1727 agatis.
456 1659 585 1707 Mihi
630 1663 834 1707 omnino
879 1663 980 1705 iam
1026 1659 1191 1705 brevis
1237 1661 1555 1720 exspectatio
1599 1666 1692 1706 est.

205 1752 449 1801 Tulliolae
475 1759 529 1799 et
553 1752 781 1798 Ciceroni
804 1750 1022 1797 salutern
1047 1750 1142 1797 dic.
1214 1749 1411 1796 Valete.
1483 1749 1548 1797 D.
1574 1768 1619 1797 a.
1643 1751 1692 1798 d.

207 1861 274 1892 v1.
304 1844 560 1890 Kalendas
586 1842 898 1889 Decembres
923 1839 1188 1904 Dyrrachi.

157 1945 183 1985 7
271 1934 608 2000 Dyrrachium
645 1936 777 1989 veni,
802 1933 937 1996 quod
975 1939 1028 1978 et
1059 1931 1218 1978 libera
1241 1934 1417 1978 civitas
1447 1938 1543 1987 est,
1568 1938 1622 1979 et
1644 1935 1694 1978 in

206 2046 288 2076 me
315 2028 533 2074 officiosa
561 2032 615 2072 et
642 2027 871 2087 proxima
902 2022 1097 2069 Italiae.
1165 2022 1265 2069 Sed
1293 2025 1333 2068 si
1362 2021 1588 2069 offendet
1612 2040 1695 2070 me

208 2119 300 2167 loci
324 2118 610 2171 celebritas,
633 2115 730 2162 alio
753 2132 835 2161 me
858 2113 1113 2161 conferam
1140 2120 1194 2160 et
1217 2113 1280 2159 ad
1305 2119 1358 2159 te
1381 2114 1611 2160 scribam.

272 2283 291 2302 ⁰
319 2277 413 2318 'l'lie
433 2277 773 2317 circumstances
794 2273 844 2313 of
862 2272 946 2312 this
966 2270 1290 2323 disagreeinent
1310 2285 1384 2311 are
1405 2270 1648 2312 unknown.

220 2586 312 2631 184
