1837 3029
833 185 1083 233 CICERO

214 336 295 367 me
311 323 490 367 intime
513 317 869 365 commendari.
914 315 1027 373 Qua
1052 315 1115 362 de
1139 331 1212 369 re,
1239 322 1291 361 et
1316 315 1379 361 de
1404 313 1498 361 hoc
1514 329 1703 378 genere

216 398 344 446 toto,
364 406 428 436 ne
453 388 584 436 forte
604 404 687 434 me
709 390 758 432 in
790 388 1009 432 Graecos
1035 392 1140 431 tam
1162 385 1483 431 ambitiosum
1512 384 1702 431 factum

218 477 327 508 esse
358 463 558 513 mirere,
588 474 750 520 pauca
780 472 1041 518 cognosce.
1110 456 1220 519 Ego
1252 472 1365 501 cum
1398 456 1703 502 Graecorum

217 530 466 596 querellas
493 532 702 574 nimium
731 526 897 572 valere
925 529 1185 580 sentirem,
1213 532 1421 587 propter
1446 524 1703 572 hominurn

218 604 424 665 ingenia
471 599 534 645 ad
581 596 858 643 fallendum
905 603 1102 658 parata,
1150 611 1493 658 quoscumque
1541 596 1604 642 de
1652 603 1705 642 te

220 675 363 735 queri
422 669 606 723 audivi,
665 681 984 729 quacumque
1043 669 1185 727 potui
1244 669 1439 712 ratione
1497 665 1704 728 placavi.

222 743 445 790 Primum
478 736 906 801 Dionysopolitas,
939 739 1024 799 qui
1058 743 1204 782 erant
1235 739 1557 782 inimicissimi
1590 740 1707 791 mei,

221 814 401 867 lenivi3
455 825 668 873 quorum
708 811 986 870 principem
1031 806 1366 868 Hermippum
1409 823 1507 852 non
1548 805 1705 853 solum

221 897 452 931 sermone
480 895 612 934 meo,
640 878 729 924 sed
758 881 914 924 etiam
941 876 1285 923 familiaritate
1313 877 1532 924 devinxi.
1599 877 1709 940 Ego

223 956 598 1017 Apameensem
615 947 988 1010 Hephaestum,
1005 964 1100 1012 ego
1116 947 1420 994 levissimum
1436 945 1710 1003 hominem,

226 1025 564 1088 Megaristum
601 1019 960 1074 Antandrium,
997 1035 1093 1081 ego
1131 1017 1324 1063 Niciam
1360 1015 1711 1080 Smyrnaeum,

225 1112 321 1159 ego
357 1109 518 1156 nugas
553 1094 798 1137 maximas
835 1092 970 1136 omni
1005 1104 1122 1135 mea
1157 1090 1398 1134 comitate
1434 1104 1545 1134 sum
1581 1104 1712 1134 com-

224 1166 421 1229 plexuS‚
475 1161 857 1225 Nymphontem
911 1162 1066 1205 etiam
1120 1156 1501 1220 Colophonium.
1568 1157 1712 1216 Quae

224 1236 322 1284 feci
343 1236 528 1288 omnia,
550 1249 649 1278 non
673 1248 772 1293 quo
794 1246 876 1276 me
900 1237 990 1276 aut
1009 1232 1043 1275 ii
1064 1227 1310 1283 homines,
1333 1234 1424 1273 aut
1444 1235 1554 1274 tota
1577 1232 1714 1274 natio

225 1306 541 1358 delectaret3
603 1309 894 1364 pertaesum
940 1307 1018 1346 est
1060 1299 1300 1354 levitatis,
1344 1301 1714 1351 assentationis,

227 1380 507 1424 animorum
543 1389 643 1419 non
678 1371 865 1426 officiis,
899 1370 990 1416 sed
1025 1370 1338 1431 temporibus
1373 1372 1714 1415 servientium.

178 1461 204 1499 5
227 1447 345 1502 Sed,
377 1451 435 1492 ut
467 1444 530 1491 ad
566 1443 776 1488 Zeuxim
805 1447 1048 1494 revertar,
1083 1455 1198 1485 cum
1227 1442 1268 1485 is
1299 1439 1363 1485 de
1402 1437 1476 1484 M.
1509 1437 1715 1484 Cascelli

227 1530 459 1565 sermone
509 1530 679 1560 secum
729 1512 922 1567 habito,
972 1526 1103 1574 quae
1154 1516 1212 1556 tu
1262 1511 1452 1565 scribis,
1501 1525 1564 1556 ea
1610 1512 1719 1572 ipsa

228 1589 538 1651 loqueretur,
589 1584 764 1629 obstiti
815 1586 921 1629 eius
971 1583 1207 1636 sermoni,
1258 1585 1313 1627 et
1362 1578 1617 1626 hominem
1667 1583 1718 1626 in

229 1657 627 1705 familiaritatem
656 1657 839 1715 recepi.
906 1652 1015 1698 Tua
1045 1658 1217 1696 autem
1247 1666 1378 1713 quae
1408 1648 1562 1696 fuerit
1584 1654 1720 1712 cupi-

230 1730 362 1776 ditas
391 1733 555 1781 tanta,
580 1728 766 1779 nescio,
790 1723 925 1786 quod
953 1722 1124 1768 scribis
1149 1724 1362 1783 cupiisse
1387 1728 1459 1775 te,
1483 1725 1718 1783 quoniam

231 1799 476 1862 Smyrnae
514 1797 614 1843 duo
655 1794 829 1857 Mysos
867 1795 1102 1838 insuisses
1139 1794 1190 1836 in
1228 1790 1444 1847 culeum,
1473 1791 1633 1837 simile
1671 1796 1720 1838 in

231 1872 487 1932 superiore
523 1872 669 1928 parte
706 1867 989 1926 provinciae
1027 1863 1178 1908 edere
1216 1860 1505 1923 exemplum
1541 1865 1722 1907 severi-

233 1942 354 1986 tatis
393 1945 532 1992 tuae,
572 1943 625 1982 et
664 1935 845 1980 idcirco
885 1933 1092 1978 Zeuxim
1134 1931 1314 1977 elicere
1354 1935 1488 1977 omni
1527 1935 1721 1979 ratione

235 2009 446 2056 voluisse
469 2023 481 2063 ;
516 2022 669 2069 quem
688 2004 960 2051 adductum
982 2006 1031 2048 in
1049 2001 1285 2048 iudicium
1304 1999 1517 2046 fortasse
1535 2000 1722 2048 dimitti

295 2194 315 2214 ⁰
345 2188 438 2228 The
477 2187 780 2226 conversation
810 2184 914 2224 with
955 2182 1192 2224 Cascellius
1233 2180 1320 2221 had
1359 2179 1582 2232 evidently
1610 2180 1720 2222 been

238 2241 558 2285 unfavourahle
578 2246 622 2280 to
644 2240 852 2289 Quintus.

299 2297 314 2321 ⁶
347 2295 589 2336 l'arricides
615 2308 663 2334 or
693 2291 956 2338 matricides,
977 2292 1044 2330 for
1069 2290 1212 2329 whom
1243 2289 1315 2329 the
1345 2287 1520 2340 regular
1541 2288 1719 2340 punish-

239 2355 361 2392 ment
376 2364 463 2389 was
479 2354 523 2389 to
543 2348 597 2388 be
612 2347 700 2388 tied
721 2359 782 2398 up
803 2347 846 2385 in
867 2359 892 2384 a
913 2343 1020 2384 sack
1037 2343 1139 2384 with
1161 2357 1188 2383 a
1206 2342 1310 2394 dog,
1327 2356 1353 2382 a
1372 2341 1498 2386 cock.
1519 2356 1546 2381 a
1564 2340 1719 2388 snake.

237 2404 324 2444 and
355 2417 410 2443 an
440 2416 538 2453 ape,
559 2401 645 2440 and
677 2401 779 2440 then
809 2404 902 2439 cast
931 2401 1022 2438 into
1047 2398 1121 2438 the
1149 2411 1222 2436 sea
1251 2411 1300 2436 or
1320 2396 1500 2436 worricd
1530 2395 1590 2446 by
1620 2396 1719 2436 wild

242 2461 399 2498 beas-ts.
459 2458 652 2506 Quintus
682 2454 844 2494 wished
887 2458 931 2493 to
974 2451 1106 2493 make
1143 2465 1200 2491 an
1239 2450 1439 2503 example
1479 2449 1530 2491 of
1567 2449 1722 2491 Zeuxis

237 2513 523 2564 (certissimus
540 2508 791 2558 matricida)
814 2510 855 2547 in
879 2507 951 2547 the
971 2520 1093 2547 same
1114 2518 1226 2557 way.

240 2603 333 2645 442
