1868 3040
929 203 1180 251 CICERO

307 356 373 388 ex
401 356 478 394 co,
503 338 639 401 quod
665 337 810 382 heres
840 342 918 381 est
948 334 1020 380 M.
1052 334 1264 389 Mindio,
1289 333 1430 381 fratri
1457 351 1565 391 suo,
1585 338 1670 398 qui
1697 335 1797 382 ΕΠ1

311 410 600 470 negotiatus
645 411 738 458 est,
782 402 1001 464 explices
1044 409 1098 447 et
1140 402 1398 463 expedias,
1439 418 1555 448 cum
1595 406 1703 449 iure
1745 411 1799 450 et

310 480 587 536 potestate,
631 487 782 533 quam
826 469 1000 523 habes,
1043 475 1154 514 tum
1199 472 1353 514 etiam
1397 473 1702 516 auctoritate
1746 478 1798 516 et

308 541 511 587 consilio
542 547 647 585 tuo.
714 536 794 582 Sic
826 539 959 582 enim
991 538 1398 597 praescripsimus
1429 538 1505 591 iis,
1525 537 1706 598 quibus
1738 553 1798 583 ea

311 611 518 670 negotia
549 604 914 658 mandavimus,
948 610 1005 648 ut
1037 603 1268 648 omnibus
1301 605 1351 647 in
1384 603 1551 658 rebuS,
1584 619 1715 665 quae
1746 607 1796 649 in

312 675 531 736 aliquam
547 674 936 718 controversiam
953 676 1268 724 vocarentur,
1284 676 1337 715 te
1356 670 1560 724 arbitro,
1577 678 1647 724 et,
1664 672 1796 732 quod

311 741 574 788 commodo
602 747 690 785 tuo
719 738 825 783 fieri
852 743 1040 799 posset,
1067 743 1120 782 te
1149 736 1488 797 disceptatore
1516 744 1794 784 uterentur.

314 809 372 855 Id
414 815 470 854 ut
510 806 708 852 honoris
749 808 848 850 mei
889 820 1039 849 causa
1078 806 1334 864 suscipias,
1375 802 1705 850 vehementer
1744 812 1796 850 te

262 883 287 922 3
313 879 467 921 etiam
510 881 665 935 atque
708 875 863 918 etiam
904 887 1041 934 rogo.
1119 869 1249 916 Illud
1291 877 1574 931 praeterea,
1616 875 1654 917 si
1698 887 1796 917 non

313 942 532 988 alienum
581 948 672 986 tua
719 939 971 1001 dignitate
1021 937 1223 998 putabis
1275 952 1401 992 esse,
1450 935 1628 983 feceris
1676 937 1795 984 mihi

311 1015 623 1071 pergratum,
648 1009 687 1052 si
714 1009 798 1068 qui
824 1004 1118 1051 difficiliores
1145 1010 1311 1059 erunt,
1337 1011 1394 1049 ut
1419 1020 1526 1049 rem
1551 1008 1657 1050 sine
1683 1021 1797 1051 con-

311 1079 553 1122 troversia
581 1072 754 1119 confici
784 1072 961 1126 nolint,
990 1074 1029 1116 si
1060 1087 1161 1125 eos,
1191 1070 1393 1133 quando
1421 1087 1535 1116 cum
1563 1079 1796 1118 senatore

313 1160 389 1189 res
425 1150 519 1197 est,
554 1141 766 1186 Romam
799 1141 1046 1185 rejeceris.
1114 1137 1264 1196 Quod
1297 1154 1397 1200 quo
1430 1141 1621 1184 minore
1656 1139 1797 1184 dubi-

311 1214 505 1256 tatione
546 1207 712 1253 facere
753 1222 941 1268 posses,
980 1205 1175 1251 litteras
1217 1204 1281 1251 ad
1321 1212 1374 1251 te
1416 1221 1445 1250 a
1488 1204 1560 1251 M.
1605 1204 1797 1267 Lepido

310 1276 531 1331 consule,
565 1291 664 1320 non
699 1289 830 1336 quae
864 1280 917 1319 te
952 1272 1140 1333 aliquid
1173 1272 1409 1317 iuberent
1441 1273 1629 1334 (neque
1664 1277 1795 1318 enini

311 1345 360 1390 id
383 1351 503 1390 tuae
525 1342 786 1404 dignitatis
809 1356 917 1385 esse
939 1338 1278 1400 arbitramur),
1298 1339 1388 1384 sed
1409 1339 1627 1400 quodam
1649 1340 1797 1386 modo

263 1419 288 1456 4
313 1414 453 1473 quasi
479 1408 921 1455 commendaticias
946 1409 1262 1467 sumpsimus.
1322 1404 1619 1461 Scriberem,
1645 1422 1795 1468 quam

311 1478 362 1524 id
388 1476 690 1523 beneficium
716 1475 848 1520 bene
876 1473 1011 1534 apud
1040 1473 1342 1518 Mescinium
1367 1475 1619 1534 positurus
1646 1489 1797 1528 esses,

311 1548 404 1591 nisi
446 1551 499 1590 et.
540 1550 592 1589 te
634 1545 758 1588 scire
798 1540 1104 1587 confiderem
1146 1546 1199 1586 et
1237 1538 1356 1585 mihi
1399 1546 1645 1601 peterem.
1719 1539 1797 1586 Sic

312 1616 446 1658 enim
488 1610 638 1656 velim
680 1612 956 1662 existimes,
997 1623 1097 1653 non
1139 1610 1302 1652 minus
1344 1622 1426 1652 me
1469 1606 1532 1652 de
1574 1606 1702 1652 illius
1743 1624 1796 1653 re

311 1679 555 1732 laborare,
580 1693 733 1738 quam
755 1679 920 1737 ipsum
945 1674 1008 1721 de
1033 1690 1137 1720 sua.
1195 1672 1296 1719 Sed
1318 1689 1433 1719 cum
1455 1673 1593 1719 illum
1616 1674 1797 1720 studeo

312 1762 463 1809 quam
491 1743 724 1790 facillime
754 1743 817 1788 ad
844 1758 990 1788 suum
1016 1744 1298 1803 pervenire,
1324 1747 1434 1786 tum
1461 1740 1585 1786 illud
1610 1741 1797 1795 laboro,

312 1820 369 1859 ut
406 1829 504 1858 non
540 1814 802 1856 minimum
839 1808 933 1854 hac
969 1824 1083 1854 mea
1118 1807 1558 1854 commendatione
1593 1824 1647 1854 se
1683 1824 1797 1854 con-

312 1887 542 1926 secutum
567 1879 854 1924 arbitretur.

514 1999 529 2023 ¹
557 2009 673 2046 uss„
694 2010 742 2037 as
762 1997 854 2037 also
876 1996 925 2036 in
947 1994 988 2035 N
994 1994 1063 2036 .D.
1087 1996 1164 2036 592
1196 1993 1324 2035 Elide
1343 1993 1595 2036 Lambinus.

374 2182 391 2200 ‘¹
425 2176 470 2215 If
497 2189 523 2215 a
558 2175 733 2214 Roman
765 2174 937 2219 citizen,
969 2170 1206 2223 especially
1238 2183 1265 2210 a
1297 2174 1487 2217 senator,
1519 2169 1797 2222 complained

316 2231 490 2281 against
514 2243 540 2268 a
563 2229 733 2279 subject
755 2241 803 2267 or
826 2227 996 2278 subject
1017 2226 1309 2276 community,
1332 2224 1407 2264 the
1429 2238 1645 2276 governor
1667 2224 1797 2265 could

317 2285 445 2324 order
473 2283 548 2322 the
576 2282 703 2322 latter
731 2286 776 2321 to
804 2294 971 2331 appear
998 2280 1136 2319 either
1165 2278 1415 2330 personally
1444 2291 1493 2318 or
1522 2279 1582 2330 by
1618 2280 1797 2319 counsel

318 2338 489 2387 (ecdici)
526 2341 571 2376 at
595 2337 748 2376 Rome.
817 2335 911 2375 'she
939 2335 1234 2376 transference
1262 2334 1313 2372 of
1336 2333 1410 2372 tlie
1437 2344 1538 2372 case
1566 2337 1611 2372 to
1643 2333 1795 2380 Rome,

319 2392 459 2432 which
488 2389 677 2430 entailed
710 2389 841 2428 much
872 2401 1075 2439 expense,
1105 2400 1193 2427 was
1223 2400 1249 2426 a
1281 2385 1492 2437 hardship
1522 2390 1566 2426 to
1597 2386 1670 2426 the
1699 2399 1793 2439 pro-

318 2444 513 2491 vincial&
537 2444 635 2483 wlio
657 2442 882 2493 generally
907 2440 1126 2493 preferred
1150 2445 1194 2480 to
1216 2442 1521 2491 compromise.

378 2501 392 2524 ὓ
423 2499 585 2538 Caesar
606 2498 692 2537 and
720 2496 912 2548 Lepidus
935 2510 1044 2536 wer(¹
1065 2494 1240 2534 consuls
1263 2496 1303 2533 in
1326 2496 1395 2536 46.

313 2632 373 2672 80
