1837 3029
871 162 1121 209 CICERO

207 301 233 338 4
257 300 362 339 tam
391 291 726 338 excellentem
755 293 912 336 virum
942 291 1111 337 videas
1139 307 1289 353 quam
1318 294 1550 353 primum.
1611 290 1741 338 Nam

258 370 377 432 quid
409 385 503 431 ego
533 369 595 415 de
626 368 825 413 Bruttio
855 368 1017 413 dicam
1042 368 1059 413 ?
1108 384 1259 430 quem
1290 367 1425 414 nullo
1453 375 1683 430 tempore
1713 385 1742 414 a

258 463 339 493 me
367 449 530 508 patior
557 445 815 491 discedere
839 460 850 499 3
896 448 1034 490 cuius
1062 461 1175 490 cum
1203 443 1335 508 frugi
1361 461 1637 508 severaque
1664 453 1743 492 est

259 527 379 578 vita,
397 530 506 569 tum
526 525 680 568 etiam
697 521 1053 567 iucundissima
1070 524 1330 568 convictio.
1384 521 1495 568 Non
1514 529 1591 568 est
1609 526 1742 569 enim

258 604 513 646 seiunctus
542 602 677 644 iocus
708 615 738 644 a
768 597 1037 662 φιλολογίιιι.
1070 605 1123 644 et
1153 598 1448 660 quotidiana
1469 600 1741 661 συζητήσει.

261 677 391 723 Huic
438 692 533 739 ego
579 675 742 722 locum
789 678 840 721 in
880 678 1108 737 proximo
1148 676 1383 731 conduxi,
1424 682 1495 731 et,
1536 683 1594 722 ut
1632 693 1741 739 pos—

260 771 386 809 sum,
425 770 487 799 ex
529 756 653 798 meis
696 756 939 815 angustiis
979 751 1108 798 illius
1149 759 1379 799 sustento
1419 756 1741 801 tenuitatem.

209 841 234 877 5
262 831 532 877 Praeterea
551 829 876 876 declamitare
897 830 1090 875 Graece
1111 830 1245 891 apud
1270 829 1495 876 Cassium
1519 833 1713 877 institui
1732 847 1744 887 ;

264 909 445 954 Latine
483 914 656 953 autem
695 900 829 968 apud
868 906 1120 952 Bruttium
1159 910 1381 952 exerceri
1418 906 1544 953 volo.
1617 908 1746 954 Utor

261 984 587 1031 familiaribus
613 991 665 1030 et
691 984 995 1046 quotidianis
1020 985 1403 1039 convictoribus,
1427 1001 1551 1047 quos
1576 993 1745 1031 secum

265 1061 526 1124 Mitylenis
574 1059 842 1122 Cratippus
890 1061 1120 1115 adduxit,
1157 1059 1441 1106 hominibus
1489 1068 1542 1107 et
1587 1062 1746 1108 doctis

265 1146 317 1185 et
368 1138 436 1184 illi
488 1138 865 1200 probatissimis.
956 1136 1179 1183 Multum
1233 1140 1365 1183 enim
1419 1154 1617 1184 mecum
1670 1147 1748 1185 est

263 1216 542 1278 Epicrates,
583 1218 814 1276 princeps
858 1213 1265 1269 Atheniensium,
1307 1221 1361 1261 et
1404 1214 1653 1261 Leonides
1696 1223 1749 1262 et

215 1301 240 1339 6
262 1292 439 1339 horum
465 1295 622 1337 ceteri
643 1291 842 1338 similes.
899 1291 965 1336 Τὰ.
995 1290 1078 1352 μὲν
1104 1291 1185 1336 υἷ’νν
1213 1290 1318 1336 καθ’
1347 1291 1465 1353 ἡμᾶς
1491 1291 1613 1339 τάδε.
1669 1293 1749 1339 De

265 1370 452 1432 Gorgia
481 1376 654 1414 autem
684 1369 819 1430 quod
848 1367 967 1414 mihi
998 1369 1186 1423 scribiS,
1217 1376 1326 1414 erat
1355 1369 1559 1431 quidem
1588 1369 1671 1416 ille
1700 1373 1749 1416 in

264 1446 559 1509 quotidiana
579 1444 947 1491 declamatione
970 1444 1104 1491 utilis
1130 1460 1140 1499 ;
1176 1445 1265 1491 sed
1287 1448 1454 1491 omnia
1474 1449 1751 1509 postposui,

265 1523 538 1570 dummodo
554 1525 838 1583 praeceptis
856 1525 1012 1584 patris
1030 1538 1276 1583 parerem.
1325 1523 1594 1584 Διαρρήδην
1618 1526 1750 1569 enim

265 1603 549 1661 scripserat,
582 1605 638 1645 ut
671 1615 786 1644 eum
818 1599 1129 1645 dimitterem
1162 1602 1351 1644 statim.
1415 1598 1751 1662 Tergiversari

266 1676 419 1731 nolui,
450 1692 513 1721 ne
545 1691 659 1720 mea
690 1678 843 1720 nimia
873 1675 1055 1736 σπουδή
1087 1678 1421 1737 suspicionem
1452 1679 1498 1721 ei
1534 1675 1752 1738 aliquam

266 1758 580 1815 importaret.
655 1752 855 1798 Deinde
895 1751 1017 1798 illud
1058 1755 1213 1798 etiam
1253 1751 1374 1797 mihi
1414 1753 1753 1807 succurrebat,

220 1842 420 1894 7grave
463 1846 591 1884 esse,
631 1845 713 1875 me
755 1829 818 1875 de
861 1830 1041 1875 iudicio
1083 1833 1239 1890 patris
1280 1829 1516 1875 iudicare.
1589 1829 1753 1876 Tuum

268 1915 442 1954 tamen
482 1907 706 1953 studium
749 1913 802 1952 et
843 1906 1101 1952 eonsilium
1142 1913 1345 1968 gratum
1387 1913 1753 1969 acceptumque

269 1991 347 2031 est
384 1983 519 2029 mihi.
590 1983 982 2029 Excusationem
1020 1986 1367 2046 angustiarum
1403 1985 1478 2029 tui
1514 1987 1755 2045 temporis

333 2176 352 2195 ⁶
382 2171 460 2212 We
481 2170 613 2211 know
635 2170 821 2222 nothing
844 2184 963 2210 more
983 2171 1034 2210 of
1051 2170 1262 2210 Bruttius.

335 2226 349 2249 ⁶
383 2225 423 2266 It
455 2238 542 2265 was
575 2225 628 2264 he
660 2225 758 2264 who
789 2229 884 2265 sent
916 2226 1067 2264 Cicero
1098 2225 1439 2275 unsatisfactory
1469 2227 1679 2264 accounts
1707 2225 1758 2266 of

279 2279 497 2320 Marcus's
517 2292 719 2330 progress
739 2278 827 2318 and
848 2277 1052 2319 conduct.

337 2338 351 2356 ⁶
387 2333 525 2373 Loose
550 2333 655 2372 liver
680 2346 727 2371 as
755 2333 807 2372 he
833 2345 921 2371 was
946 2333 1035 2377 (see
1061 2335 1161 2371 note
1187 2344 1242 2371 on
1269 2335 1289 2378 §
1318 2331 1374 2380 l),
1401 2329 1590 2383 Gorgias
1615 2343 1702 2370 was
1725 2344 1752 2371 a

275 2387 597 2439 distinguished
612 2386 871 2426 rhetorician
885 2387 972 2426 and
988 2390 1119 2426 wrote
1134 2385 1205 2426 the
1221 2387 1395 2425 treatise
1414 2388 1512 2436 Περὶ
1533 2389 1752 2434 σχημάτων

280 2445 447 2480 διανοίας
479 2444 541 2480 καὶ
572 2443 711 2487 λέξεως
741 2441 791 2480 of
816 2440 955 2480 which
987 2454 1049 2480 we
1080 2439 1163 2479 still
1194 2451 1364 2492 possess
1395 2439 1466 2479 the
1494 2437 1752 2479 translation

277 2495 336 2546 by
360 2494 550 2535 Rutilius
573 2494 738 2547 Lupus.

281 2558 374 2606 366
