1837 3029
824 162 1076 211 CICERO

920 331 966 377 X

486 477 540 509 Μ.
575 477 621 508 Τ.
657 477 698 508 C.
734 477 773 508 S.
811 477 854 508 P.
893 477 939 508 D.
975 476 1257 507 TERENTIAE
1290 475 1413 508 SUAE

706 589 926 637 Brundisi,
948 603 1078 630 A.U.C.
1102 592 1196 630 707.

271 706 405 764 Quid
442 706 548 752 sieri
583 705 827 767 placeret,
849 709 1021 768 scripsi
1057 706 1121 752 ad
1158 705 1489 767 Pomponium
1516 707 1690 759 seriuS,

207 790 359 836 quam
398 777 638 835 oportuit.
706 773 833 819 Cum
873 789 933 819 eo
972 776 1011 818 si
1049 772 1217 818 loc-uta
1256 776 1370 827 eris,
1406 771 1690 834 intelleges,

207 841 326 903 quid
366 840 471 886 fieri
508 839 672 886 velim.
740 841 981 902 Apertius
1017 841 1182 894 scribi,
1214 840 1417 902 quando
1452 839 1516 886 ad
1551 839 1688 885 illum

207 911 521 969 scripseram,
544 923 750 953 neeesse
774 924 874 953 non
897 906 1010 953 fuit.
1079 907 1158 952 De
1185 923 1244 952 ea
1267 922 1321 952 re
1347 913 1400 952 et
1423 906 1487 952 de
1509 908 1691 952 ceteris

207 975 357 1020 rebus
405 990 557 1036 quam
605 978 822 1036 primum
870 973 1019 1019 velim
1067 974 1210 1019 nobis
1256 973 1452 1019 litteras
1498 976 1689 1018 mittaS.

209 1041 565 1166 iffletgdinffli]
592 1048 734 1088 tuam
760 1057 879 1088 cura
904 1041 1191 1104 diligenter.
1259 1039 1399 1088 Vale.
1463 1038 1691 1102 Septimo

277 1125 330 1154 us
406 1112 529 1154 uinti
554 1144 564 1156 .

912 1318 987 1365 XI

486 1462 543 1495 M.
577 1463 623 1495 T.
659 1464 700 1495 C.
736 1463 774 1494 S.
811 1464 855 1495 Ρ.
892 1464 939 1495 D.
975 1463 1257 1495 TERENTIAE
1289 1462 1413 1496 SUAE

707 1577 928 1625 Brundisi,
950 1592 1081 1619 mue.
1103 1580 1200 1619 707.

279 1694 328 1741 Si
354 1694 507 1750 vales,
530 1694 662 1740 bene
689 1702 797 1741 est:
831 1711 926 1757 ego
951 1693 1109 1741 valeo.
1175 1693 1338 1740 Tullia
1361 1701 1530 1741 nostra
1555 1697 1694 1741 venit

213 1763 277 1809 ad
309 1778 390 1808 me
422 1762 583 1824 pridie
617 1762 736 1807 Idus
770 1761 973 1817 Iunias3
1023 1765 1162 1808 cuius
1194 1778 1390 1808 summa
1421 1766 1608 1808 virtute
1639 1768 1693 1808 et

211 1829 450 1893 singulari
502 1828 821 1874 humanitate
871 1832 1101 1891 graviore
1153 1833 1308 1875 etiam
1360 1846 1471 1875 sum
1523 1828 1693 1874 dolore

212 1896 440 1951 affectus,
458 1903 629 1942 nostra
647 1894 838 1942 factum
859 1911 969 1941 esse
989 1895 1334 1959 neglegentia,
1352 1903 1409 1942 ut
1429 1895 1578 1958 longe
1600 1895 1695 1941 alia

211 1967 262 2009 in
294 1963 499 2010 fortuna
523 1970 659 2009 esset
686 1969 842 2025 atque
869 1965 975 2008 eius
998 1966 1164 2025 pietas
1189 1979 1246 2008 ac
1279 1963 1499 2025 dignitas
1524 1969 1694 2024 postu-

212 2030 367 2077 labat.
437 2029 590 2075 Nobis
614 2036 724 2076 erat
744 2033 795 2075 in
818 2032 1003 2084 animo,
1024 2028 1318 2076 Ciceronem
1341 2030 1405 2076 ad
1426 2029 1694 2075 Caesarem

213 2102 437 2151 mittere,
459 2103 645 2143 etcum
668 2112 728 2142 eo
749 2097 839 2143 Cn.
861 2095 1168 2143 Sallustium.
1236 2096 1285 2142 Si
1306 2095 1562 2158 profectus
1581 2099 1694 2151 erit,

212 2164 393 2210 faciam
429 2171 482 2209 te
517 2168 800 2210 certiorem.
868 2163 1225 2210 Valetudinem
1260 2171 1401 2210 tuam
1436 2179 1555 2210 cura
1587 2162 1694 2209 dili-

212 2239 410 2293 genter.
479 2230 617 2277 Vale.
685 2246 805 2277 xv11.
833 2230 1088 2277 Kalendas
1112 2230 1322 2288 Quintil.

227 2341 605 2347 ῃ*-
612 2338 1684 2347 .-——-—-—-—-——...——-———n

680 2397 699 2417 ⁰
729 2392 971 2433 Otherwise
993 2392 1233 2434 unknown.

220 2587 314 2628 208
