1868 3040
891 187 1142 235 CICERO

277 331 386 362 esse
415 324 633 376 gratum.
700 315 828 361 Illud
858 323 908 362 tc
938 333 1076 379 rogo,
1115 323 1171 362 ut
1208 316 1314 362 illos
1353 333 1553 379 quoque
1590 322 1761 380 gratos

274 394 500 442 homines
545 413 653 442 esse
697 402 880 457 putes3
942 395 1077 457 quod
1120 399 1191 442 ita
1235 413 1343 442 esse
1387 397 1477 443 tibi
1521 400 1763 458 promitto

276 483 430 538 atque
462 476 714 522 confirmo.
781 476 950 534 Quare
982 475 1148 531 veliin,
1181 477 1425 538 quidquid
1456 475 1649 523 liabent
1679 493 1764 522 ne-

275 560 400 616 goti,
444 557 532 602 des
576 573 800 618 operam,
844 556 979 618 quod
1022 557 1285 603 commodo
1328 564 1417 603 tuo
1462 556 1568 612 siat,
1613 563 1669 602 ut
1711 562 1764 602 te

234 637 541 684 40btinentc
572 635 816 682 Achaiam
845 636 1127 683 conficiant.
1192 637 1302 700 Ego
1332 653 1446 683 cum
1476 643 1565 683 tuo
1596 636 1766 682 Servio

276 717 648 771 iucundissime,
684 720 1087 763 coniunctissime
1125 719 1234 763 vivo
1269 734 1611 781 magnamque
1653 732 1764 762 cum

279 813 340 842 ex
363 800 566 859 ingenio
589 799 694 842 eius
715 797 1056 860 singularique
1078 797 1263 852 studio,
1284 803 1395 844 tum
1418 813 1481 844 ex
1505 800 1691 843 virtute
1713 802 1766 842 et

276 877 532 939 probitate
557 877 870 939 voluptatem
896 881 1052 940 capio.

888 1103 1148 1151 XXVIIIA

802 1249 976 1279 CICERO
1011 1249 1185 1280 SERVIO
1220 1248 1258 1281 S.

794 1359 978 1405 Romae.
1001 1374 1132 1401 mue.
1156 1363 1251 1401 708.

230 1483 247 1523 1
340 1477 446 1523 Etsi
480 1477 697 1523 libenter
726 1483 903 1538 petere
947 1494 976 1523 a
1018 1484 1070 1523 te
1113 1476 1265 1531 soleo,
1296 1480 1335 1523 si
1379 1477 1499 1539 quid
1530 1493 1654 1538 opus
1687 1482 1764 1522 est

276 1574 502 1603 meorum
532 1560 766 1619 cuipiam,
796 1564 968 1603 tamen
999 1557 1158 1603 multo
1187 1557 1425 1603 libentius
1454 1559 1642 1621 gratias
1671 1556 1762 1602 tibi

276 1655 389 1701 ago,
423 1655 537 1684 cum
571 1637 734 1684 fecisti
769 1638 957 1700 aliquid
991 1638 1429 1685 commendatione
1463 1654 1595 1693 mea,
1630 1636 1764 1700 quod

274 1735 475 1780 semper
496 1717 631 1764 facis,
690 1719 988 1765 Incredibile
1013 1726 1091 1765 est
1113 1721 1264 1774 enim,
1287 1735 1411 1781 quas
1433 1717 1554 1764 mihi
1575 1721 1763 1781 gratias

275 1815 450 1845 omnes
498 1806 671 1862 agant,
719 1802 873 1844 etiam
921 1800 1242 1846 mediocriter
1289 1816 1319 1845 a
1364 1815 1446 1845 me
1494 1799 1586 1845 tibi
1632 1815 1764 1844 com-

275 1879 520 1933 mendati,
546 1896 676 1942 quae
702 1879 822 1924 mihi
848 1883 1014 1925 onmia
1039 1887 1203 1942 grata,
1228 1880 1317 1926 sed
1343 1879 1406 1926 de
1433 1878 1489 1925 L.
1520 1879 1764 1925 Mescinio

275 1963 630 2023 gratissimum.
703 1959 782 2006 Sic
821 1963 954 2006 enim
995 1967 1073 2007 est
1110 1977 1308 2006 mecum
1346 1960 1560 2014 locutus,
1597 1966 1669 2014 te,
1708 1965 1765 2005 ut

276 2057 414 2087 meas
443 2040 638 2087 litteras
668 2040 867 2104 legeris,
895 2044 1069 2087 statim
1099 2041 1503 2103 procuratoribus
1533 2043 1632 2086 suis
1660 2038 1764 2102 pol-

275 2120 466 2167 licitum
512 2137 620 2167 esse
665 2125 868 2177 omnia3
929 2121 1089 2168 multo
1135 2138 1250 2168 vero
1294 2121 1437 2184 plura
1481 2128 1534 2168 et
1577 2123 1765 2166 maiora

275 2200 467 2247 fecisse.
527 2202 585 2248 Id
608 2205 761 2263 igitur
783 2203 928 2264 (puto
953 2206 1086 2249 enim
1110 2206 1263 2248 etiam
1289 2210 1443 2264 atque
1467 2204 1621 2248 etiam
1644 2199 1763 2246 mihi

276 2281 544 2328 dicendum
568 2283 697 2344 esse)
721 2283 867 2328 velim
891 2286 1148 2329 existimes
1171 2282 1290 2328 mihi
1313 2290 1365 2328 te
1388 2281 1564 2328 fecisse
1586 2284 1763 2345 gratis-

227 2368 252 2407 2
276 2365 472 2408 simum.
531 2362 680 2420 Quod
705 2364 907 2425 quidem
935 2363 1027 2409 hoc
1053 2363 1402 2409 vehementius
1426 2362 1603 2416 laetor,
1628 2361 1763 2424 quod

277 2459 340 2489 ex
380 2446 488 2505 ipso
532 2443 776 2489 Mescinio
817 2452 869 2490 te
913 2445 1056 2490 video
1098 2460 1334 2507 magnam
1375 2450 1641 2505 capturum
1681 2458 1764 2488 vo-

276 2522 543 2585 luptatem.
616 2524 708 2571 Est
747 2528 878 2570 enim
918 2528 967 2570 in
1007 2540 1066 2571 eo
1104 2541 1217 2570 cum
1255 2527 1411 2571 virtus
1449 2530 1504 2571 et
1539 2523 1762 2586 probitas

280 2605 342 2645 84
