1868 3040
920 173 1171 221 CICERO

249 310 274 349 2
299 303 600 350 beneficium
628 319 776 350 suum
804 306 854 349 in
885 319 946 351 eo
974 319 1196 350 manere.
1265 302 1376 350 Hoc
1403 309 1458 350 te
1485 305 1611 350 scire
1638 301 1787 359 volui,

299 398 356 438 ut
407 407 523 438 eum
573 394 625 438 in
674 394 856 438 civium
906 390 1247 438 Rornanorum
1296 407 1508 438 numero
1555 389 1787 447 haberes,

297 482 582 542 ceterisque
602 481 651 525 in
672 480 823 526 rebus
843 479 933 526 tibi
958 495 1071 525 eum
1094 483 1167 526 ita
1185 478 1502 535 commendo,
1522 485 1581 526 ut
1597 481 1787 526 maiore

297 566 465 614 studio
503 570 757 613 neminem
796 567 1207 614 commendarim.
1275 566 1629 614 Gratissimum
1664 565 1786 614 mihi

297 653 492 709 feceris,
536 658 575 700 si
621 670 737 700 eum
782 658 854 701 ita
898 659 1147 710 tractaris,
1191 662 1249 701 ut
1290 653 1577 718 intellegat,
1616 670 1785 701 meam

296 742 787 788 commendationem
822 759 1006 806 magno
1037 744 1129 789 sibi
1161 750 1458 789 ornamento
1489 741 1657 789 fuisse.

913 952 1162 1001 XXXVII

607 1096 664 1133 u.
699 1099 744 1131 T.
781 1099 821 1130 c,
858 1099 894 1131 s.
933 1099 977 1131 P.
1014 1099 1062 1131 D.
1098 1099 1258 1130 ACILIO
1293 1099 1433 1133 PROC.

762 1212 931 1253 Romae
951 1213 1020 1263 (ἒ),
1043 1226 1175 1254 A.U.C.
1197 1215 1294 1253 709.

358 1330 616 1393 Hippiam,
654 1329 915 1376 Philoxeni
953 1330 1126 1386 fllium,
1163 1329 1496 1386 Calactinum,
1531 1329 1780 1393 hospitem

293 1426 346 1465 et
386 1421 720 1464 necessarium
759 1434 949 1475 meum,
986 1418 1078 1466 tibi
1117 1419 1416 1465 commendo
1453 1421 1504 1464 in
1542 1422 1782 1464 maiorem

292 1507 513 1553 modum„
582 1506 702 1553 Eius
737 1505 888 1562 bona,
925 1505 1354 1570 quemadmodum
1393 1505 1457 1553 ad
1493 1522 1575 1552 me
1613 1506 1783 1552 delata

292 1610 370 1641 res
415 1601 509 1650 est,
544 1593 745 1657 publice
788 1594 1110 1657 possidentur
1145 1594 1308 1640 alieno
1352 1596 1571 1649 nomine,
1607 1600 1782 1640 contra

291 1681 431 1745 leges
467 1681 854 1729 Calactinorum.
925 1681 985 1729 Id
1019 1685 1057 1728 si
1095 1686 1168 1729 ita
1203 1689 1299 1738 est,
1335 1685 1490 1729 etiam
1525 1685 1632 1728 sine
1667 1697 1781 1728 mea

290 1770 730 1817 commendatione
762 1771 825 1817 ab
855 1774 1117 1833 aequitate
1147 1777 1237 1816 tua
1265 1786 1344 1817 res
1372 1773 1482 1832 ipsa
1508 1773 1781 1836 impetrare

290 1857 466 1913 debet,
493 1864 550 1904 ut
578 1861 622 1904 ei
650 1858 932 1904 subvenias.
1001 1858 1218 1920 Quoquo
1245 1858 1395 1904 modo
1422 1865 1594 1905 autem
1622 1874 1676 1905 se
1701 1873 1780 1904 res

290 1945 464 2002 habet,
487 1953 608 2008 peto
634 1963 661 1992 a
686 1954 756 2000 te,
781 1953 838 1993 ut
861 1945 1060 1992 honoris
1085 1950 1182 1992 mei
1208 1962 1358 1992 causa
1383 1962 1498 1992 eum
1523 1946 1781 2008 expedias,

289 2041 594 2098 tantumque
629 2038 673 2080 ei
707 2034 995 2081 commodes
1031 2042 1083 2080 et
1115 2037 1166 2080 in
1199 2033 1292 2080 hac
1325 2050 1378 2080 re
1414 2041 1466 2081 et
1499 2037 1548 2080 in
1582 2037 1780 2089 ceteris,

289 2129 537 2185 quantum
582 2129 672 2168 tua
715 2122 838 2168 fides
882 2122 1205 2185 dignitasque
1248 2125 1487 2184 patietur.
1558 2121 1617 2168 Id
1660 2121 1779 2168 mihi

291 2209 621 2257 vehementer
649 2217 852 2273 gratum
885 2213 994 2256 erit.

275 2318 317 2325 a..

366 2354 385 2375 ⁸
417 2352 535 2398 Καλὴ
553 2350 676 2399 Ἀκτή
699 2363 756 2391 οη
780 2349 853 2390 the
878 2349 934 2390 N.
959 2354 1080 2389 coast
1103 2350 1153 2389 of
1172 2349 1323 2401 Sicily,
1346 2353 1438 2390 east
1462 2348 1512 2390 of
1532 2348 1710 2390 Halesa.

303 2576 392 2626 106
