1837 3029
864 176 1117 224 CICERO

240 307 647 370 demisse—quid
687 307 944 354 scribam?
1001 305 1163 369 pudet
1201 305 1503 352 condicionis
1543 321 1602 352 ac
1640 303 1734 351 for-

242 419 416 467 tunae,
448 411 538 458 sed
569 419 743 458 tamen
775 409 1095 457 scribendum
1128 395 1595 457 est—commendas
1626 424 1738 455 nos—

240 523 373 564 tram
399 516 616 562 salutem
642 514 908 577 illi—quae
935 521 1098 560 morte
1125 531 1224 577 qua
1250 530 1349 560 non
1375 516 1696 576 perniciosior
1717 513 1737 559 ?

239 649 320 678 -,
355 628 413 669 ut
447 637 645 683 prorsus
681 636 801 682 prae
837 626 890 666 te
925 618 1056 665 feras
1091 635 1192 666 non
1226 618 1481 665 sublatam
1513 617 1737 664 domina-

241 729 451 781 tionem,
474 724 564 771 sed
587 724 847 770 dominum
870 730 1239 770 commutatum
1264 739 1389 770 esse.
1458 721 1626 769 Verba
1648 728 1738 769 tua

240 846 542 893 recognosce
569 836 622 875 et
646 828 776 874 aude
802 844 989 891 negare
1014 830 1276 875 servientis
1302 827 1539 874 adversus
1562 842 1737 890 regem

241 939 362 981 istas
388 950 496 981 esse
523 950 712 997 preces.
785 932 957 980 Unum
983 936 1052 979 ais
1080 949 1206 988 esse,
1233 932 1368 996 quod
1392 932 1457 979 ab
1482 948 1542 979 eo
1566 938 1738 995 postu-

241 1039 374 1086 letur
398 1045 452 1086 et
477 1045 820 1101 exspectetur,
845 1045 903 1084 ut
928 1054 1011 1085 eos
1037 1041 1186 1093 cives,
1211 1037 1275 1084 de
1300 1037 1481 1100 quibus
1506 1039 1595 1087 viri
1618 1037 1736 1084 boni

242 1142 558 1208 populusque
597 1142 853 1189 Romanus
893 1143 1024 1189 bene
1066 1145 1341 1198 existimet,
1381 1141 1540 1189 salvos
1580 1141 1736 1188 velit:

240 1249 404 1312 quid?
456 1251 496 1295 si
531 1247 673 1304 nolit,
709 1264 809 1294 non
844 1247 1071 1294 erimus?
1124 1250 1266 1310 atqui
1299 1263 1402 1293 non
1436 1262 1546 1293 esse
1581 1263 1733 1309 quam

189 1363 215 1402 2
243 1370 350 1399 6556
382 1370 471 1415 per
500 1353 637 1398 illum
669 1359 909 1414 praestat.
981 1352 1090 1414 Ego
1121 1351 1314 1397 medius
1347 1351 1489 1397 fidius
1521 1367 1619 1397 non
1651 1367 1735 1396 ex-

240 1461 407 1504 istimo
440 1465 544 1503 tam
579 1474 752 1503 omncs
785 1457 904 1502 deos
937 1473 1134 1502 aversos
1169 1473 1276 1502 esse
1309 1473 1338 1502 a
1369 1456 1531 1502 salute
1564 1455 1734 1518 populi

241 1562 470 1610 Romani.
492 1569 547 1608 ut
569 1562 808 1608 Octavius
828 1561 1044 1608 orandus
1064 1564 1129 1607 sit
1148 1578 1237 1623 pro
1256 1560 1419 1608 salute
1440 1563 1733 1623 cuiusquam

239 1671 375 1722 civis,
411 1684 510 1713 non
545 1667 709 1713 dicam
744 1683 833 1729 pro
869 1666 1219 1712 liberatoribus
1255 1666 1386 1712 orbis
1421 1672 1735 1712 terrarum—

241 1776 380 1818 iuvat
415 1775 549 1818 enim
583 1772 849 1834 magnifice
884 1771 1019 1834 loqui
1054 1778 1108 1817 et
1140 1777 1279 1818 certe
1313 1769 1463 1818 decet
1497 1770 1734 1817 adversus

241 1880 549 1942 ignorantes,
574 1876 694 1940 quid
719 1893 807 1939 pro
833 1892 1033 1939 quoque
1058 1875 1343 1925 timendum
1366 1882 1456 1922 aut
1479 1892 1508 1922 a
1532 1891 1734 1940 quoque

241 1982 522 2045 petendum
546 1985 690 2029 sit—-.
761 1981 871 2028 Hoc
895 1989 971 2038 tu,
995 1981 1186 2037 Cicero,
1211 1996 1357 2043 posse
1382 1979 1556 2028 fateris
1582 1980 1735 2028 Octa-

241 2090 377 2134 vium
406 2094 460 2134 et
487 2087 556 2134 illi
585 2089 772 2134 amicus
802 2103 854 2134 es
879 2087 898 2134 ?
945 2093 1051 2143 aut,
1079 2089 1120 2133 si
1145 2102 1229 2132 me
1259 2103 1431 2133 carum
1458 2084 1633 2142 habes,
1663 2087 1733 2133 vis

244 2191 436 2239 Romae
479 2192 653 2248 videri,
695 2208 826 2248 cum,
869 2198 927 2238 ut
965 2193 1032 2238 ibi
1076 2207 1186 2238 esse
1228 2207 1445 2254 possem,
1481 2206 1734 2238 commen-

243 2297 439 2344 dandus
460 2313 616 2360 puero
644 2296 711 2343 illi
737 2295 957 2343 fuerim?
994 2300 1072 2343 cui
1093 2296 1214 2359 quid
1241 2299 1346 2360 agis
1365 2299 1573 2360 gratias,
1593 2299 1650 2353 si,
1677 2302 1734 2342 ut

246 2418 331 2447 nos
367 2402 526 2448 salvos
563 2417 672 2447 esse
708 2402 828 2447 velit
864 2408 916 2447 et
952 2404 1192 2463 patiatur,
1227 2399 1507 2464 rogandum
1542 2400 1735 2463 putas?

243 2524 308 2553 an
342 2506 434 2553 hoc
469 2524 557 2569 pro
592 2506 835 2552 beneficio
871 2505 1160 2553 habendum
1196 2512 1291 2562 est,
1325 2505 1460 2568 quod
1492 2521 1546 2553 se
1581 2521 1734 2568 quam

240 2599 332 2642 718
