1837 3029
854 179 1106 227 CICERO

870 349 1093 396 LXXIII

502 500 557 532 M.
593 501 638 531 Τ.
676 502 716 531 C.
753 500 791 531 s.
828 500 875 531 Ι).
913 500 957 536 Q.
994 499 1227 530 PHILIPPO
1263 498 1460 530 PRocos.

818 593 951 633 Anno
972 592 1151 633 incerto.

189 694 210 736 1
302 688 540 735 Gratulor
564 688 675 743 tibi,
701 688 836 751 quod
863 704 925 734 ex
951 690 1205 750 provincia
1228 686 1420 733 salvum
1445 693 1499 733 te
1525 685 1589 732 ad
1613 691 1726 732 tuos

236 768 489 827 recepisti,
507 765 741 811 incolumi
761 763 896 811 fama
916 772 969 811 et
986 764 1258 827 republica.
1311 763 1460 824 Quod
1477 766 1518 817 si
1537 762 1728 810 Romae

237 849 291 888 te
335 842 589 898 vidissem,
631 859 798 889 coram
841 845 1030 905 gratias
1076 844 1309 904 egissem,
1353 840 1490 903 quod
1531 840 1625 886 tibi
1669 838 1726 885 L.

238 918 504 982 Egnatius,
545 917 957 966 familiarissimus
1005 934 1148 964 meus
1196 918 1395 972 absens,
1435 915 1492 963 L.
1534 916 1729 979 Oppius

187 1006 211 1044 2
235 1012 474 1058 praesens
495 1012 644 1042 curae
665 995 858 1042 fuisset.
914 996 1041 1042 Cum
1063 996 1336 1057 Antipatro
1358 994 1587 1040 Derbete
1607 992 1729 1039 mihi

238 1090 339 1120 non
374 1073 534 1120 solum
569 1073 862 1135 hospitium,
899 1089 1071 1120 verum
1103 1075 1258 1119 etiam
1293 1088 1490 1118 summa
1520 1069 1730 1117 familia-

237 1153 358 1197 ritas
411 1151 697 1197 intercedit.
785 1150 845 1196 Ei
898 1156 952 1197 te
1006 1148 1338 1196 vehementer
1388 1150 1729 1195 succensuisse

238 1228 423 1283 audivi,
450 1234 503 1274 et
527 1227 741 1274 moleste
767 1227 874 1274 tuli.
935 1227 1015 1273 De
1040 1243 1094 1273 re
1120 1226 1241 1272 nihil
1265 1242 1467 1288 possum
1492 1225 1730 1280 iudicare,

238 1308 331 1350 nisi
355 1304 477 1351 illud
501 1303 622 1350 mihi
646 1311 785 1351 certe
809 1304 1109 1366 persuadeo,
1132 1310 1204 1359 te,
1227 1303 1384 1349 talem
1409 1306 1586 1358 virum,
1609 1300 1730 1347 nihil

238 1388 434 1428 temere
483 1380 677 1428 fecisse.
760 1382 806 1427 A
855 1388 909 1428 te
959 1388 1151 1437 autem,
1199 1397 1289 1443 pro
1338 1387 1511 1426 vetere
1560 1385 1731 1425 nostra

239 1458 630 1514 necessitudine,
657 1461 813 1504 etiam
840 1464 996 1520 atque
1024 1460 1179 1504 etiam
1205 1464 1345 1519 peto,
1371 1463 1430 1503 ut
1456 1459 1562 1503 eius
1589 1455 1730 1511 filios,

240 1538 326 1598 qui
349 1538 400 1581 in
423 1542 514 1582 tua
536 1542 796 1597 potestate
820 1541 955 1590 sunt,
978 1533 1099 1580 mihi
1122 1536 1438 1596 potissimum
1461 1532 1730 1588 condones,

239 1615 331 1658 nisi
369 1612 491 1675 quid
527 1615 785 1658 existimas
821 1615 872 1657 in
910 1627 971 1658 ea
1004 1628 1059 1658 re
1095 1610 1266 1657 violari
1303 1612 1728 1657 existimationem

237 1694 397 1735 tuam.
453 1688 602 1747 Quod
624 1705 719 1752 ego
740 1692 779 1735 si
802 1689 1089 1743 arbitrarer,
1109 1704 1387 1751 numquam
1407 1694 1460 1734 te
1481 1702 1729 1751 rogarem,

239 1765 464 1828 mihique
497 1772 589 1812 tua
621 1764 759 1812 fama
792 1765 952 1812 multo
988 1768 1241 1827 antiquior
1275 1770 1427 1820 esset,
1461 1780 1614 1826 quam
1646 1762 1730 1809 illa

240 1842 560 1889 necessitudo
584 1849 676 1890 est.
732 1841 834 1889 Sed
854 1841 975 1888 mihi
997 1845 1069 1888 ita
1090 1841 1372 1904 persuadeo
1393 1840 1586 1904 (potest
1606 1839 1729 1895 fieri,

241 1926 299 1967 ut
334 1918 516 1982 fallar),
544 1936 657 1966 eam
684 1936 792 1966 rem
821 1919 958 1966 laudi
982 1920 1074 1966 tibi
1104 1922 1271 1981 potius
1299 1935 1451 1981 quam
1478 1921 1730 1980 vitupera-

240 1999 366 2043 tioni
390 1995 512 2043 fore.
568 1996 705 2056 Quid
726 1996 832 2043 fieri
851 1999 1027 2058 possit,
1047 2003 1100 2043 et
1119 1996 1240 2058 quid
1260 2012 1376 2042 mea
1395 2011 1546 2041 causa
1562 1993 1728 2041 facere

240 2076 397 2136 possis
436 2074 592 2136 (nam,
630 2077 751 2136 quin
789 2074 928 2129 velis,
965 2090 1064 2120 non
1103 2072 1319 2136 dubito),
1357 2072 1523 2128 velim,
1560 2074 1599 2118 si
1636 2071 1727 2118 tibi

240 2167 395 2215 grave
420 2168 520 2198 non
544 2154 657 2207 erit,
680 2154 947 2198 certiorem
971 2167 1053 2198 me
1076 2149 1245 2197 facias.

305 2286 324 2305 ⁰
354 2280 410 2330 Q.
436 2280 634 2320 Marcius
658 2279 887 2331 Philippus
907 2292 1096 2331 appears
1117 2282 1162 2318 to
1184 2278 1295 2319 have
1316 2277 1427 2319 been
1447 2292 1665 2331 governor
1683 2280 1734 2321 of

247 2335 371 2381 Asia,
393 2335 566 2386 though
589 2336 634 2374 in
657 2334 777 2374 what
799 2347 904 2385 year
927 2336 962 2374 is
986 2333 1228 2373 unknown.

308 2390 323 2412 ¹²
358 2389 471 2429 Both
506 2389 560 2429 he
592 2388 682 2428 and
719 2388 770 2428 L.
805 2387 980 2439 Oppius
1014 2401 1125 2428 were
1158 2386 1352 2428 bankers
1383 2388 1428 2428 in
1463 2386 1730 2440 Philippus's

247 2445 468 2494 province.
520 2442 604 2484 See
623 2442 742 2494 Epp.
766 2445 821 2481 44
844 2441 932 2481 and
956 2445 1010 2481 45
1033 2441 1187 2481 above.

262 2551 285 2590 x
305 2503 319 2521 ⁰
351 2497 497 2537 Derbe
525 2509 615 2537 was
653 2498 697 2536 in
731 2496 971 2547 Lycaonia.
1044 2495 1245 2547 Nothing
1275 2508 1395 2536 more
1425 2496 1460 2536 is
1491 2494 1655 2536 known
1682 2497 1733 2537 of

247 2564 261 2590 Α
292 2553 494 2603 ntipater.

254 2614 345 2662 166
