1837 3029
861 147 1112 195 CICERO

240 293 337 322 non
373 277 521 323 modo
558 296 652 323 non
689 278 868 323 cedere
905 276 978 322 his
1014 280 1200 323 nuntiis
1236 276 1416 332 allatis,
1449 277 1538 324 sed
1573 279 1725 324 etiam

239 368 441 426 propius
496 366 754 420 accedere,
809 367 1086 410 exercitum
1143 365 1206 412 ad
1259 365 1477 410 'faurum
1533 364 1726 411 institui

192 457 213 494 4
239 450 439 497 ducere.
493 451 609 506 Sed,
626 454 663 497 si
685 452 804 514 quid
823 452 955 513 apud
975 469 1057 497 vos
1078 454 1349 498 auctoritas
1366 469 1477 498 nica
1495 451 1727 513 ponderis

240 537 413 593 habet,
440 542 488 584 in
515 542 572 585 iis
599 542 896 601 praesertim
923 540 1090 595 rebus,
1117 556 1241 602 quas
1268 556 1353 586 vos
1380 539 1607 594 audistis,
1632 554 1727 600 ego

243 642 404 687 paene
434 643 601 682 cerno,
639 643 823 690 magno
860 643 1012 689 opere
1051 644 1135 673 vos
1172 634 1225 673 et
1251 627 1421 673 hortor
1450 633 1501 672 et
1531 643 1727 677 moneo,

241 721 293 759 ut
323 712 395 758 his
421 717 683 776 provinciis
709 717 865 761 serius
891 731 975 761 vos
1002 715 1224 777 quidem,
1250 731 1399 778 quam
1426 714 1614 768 decuit,
1639 712 1726 758 scd

239 800 507 863 aliquando
555 809 728 848 tamen
776 802 1061 849 consulatis.
1145 803 1247 849 Nos
1300 801 1725 865 quemadmodum

238 891 508 935 instructos
537 896 590 935 et
618 890 798 951 quibus
825 891 1085 952 praesidiis
1113 893 1333 936 munitos
1361 890 1424 937 ad
1452 891 1583 936 tanti
1609 886 1725 934 belli

240 978 526 1038 opinionem
575 980 828 1033 miseritis,
875 995 974 1024 non
1023 981 1142 1024 estis
1190 981 1385 1042 ignari3
1450 976 1584 1040 quod
1631 991 1726 1038 ego

239 1067 500 1126 negotium
542 1082 642 1111 non
681 1065 899 1112 stultitia
939 1065 1259 1122 obcaecatus,
1298 1065 1387 1112 sed
1428 1063 1728 1111 verecundia

237 1151 530 1208 deterritus,
548 1170 646 1199 non
664 1156 905 1199 recusavi.
959 1154 1138 1217 Neque
1159 1157 1291 1200 enim
1312 1170 1551 1216 umquam
1572 1150 1726 1198 ullum

238 1239 513 1301 periculum
536 1248 738 1288 tantum
760 1245 953 1304 putavi,
975 1243 1108 1305 quod
1131 1241 1485 1305 subterfugere
1507 1239 1727 1294 mallem,

189 1334 213 1371 5
238 1344 389 1389 quam
422 1335 620 1375 vestrae
653 1332 943 1375 auctoritati
976 1330 1346 1391 obtemperare.
1413 1329 1521 1374 Hoc
1554 1334 1726 1373 autem

238 1421 466 1477 tempore
487 1433 565 1461 res
585 1433 694 1462 sese
715 1419 783 1463 sic
803 1416 977 1472 habet,
997 1424 1072 1472 ut,
1091 1420 1182 1463 nisi
1209 1420 1487 1463 exercitum
1506 1423 1726 1468 tantum,

237 1509 484 1565 quantum
507 1503 570 1550 ad
589 1506 866 1550 maximum
886 1503 1072 1550 bellum
1095 1507 1300 1550 mittere
1320 1503 1509 1558 soletis,
1528 1509 1725 1548 mature

236 1592 286 1636 in
322 1589 410 1636 has
446 1594 722 1653 provincias
759 1595 1011 1648 miseritis,
1046 1609 1297 1639 summum
1333 1591 1608 1655 periculum
1643 1593 1724 1645 sit,

237 1694 300 1724 ne
344 1679 659 1726 amittendae
701 1683 803 1726 sint
845 1697 1018 1727 omnes
1061 1679 1157 1726 hae
1201 1683 1503 1742 provinciae,
1544 1678 1724 1741 quibus

238 1765 503 1829 vectigalia
533 1766 704 1829 populi
737 1767 948 1813 Romani
979 1771 1318 1814 continentur.
1382 1767 1723 1826 Quamobrem

237 1860 409 1900 autem
441 1856 492 1900 in
523 1853 617 1901 hoc
648 1855 936 1917 provinciali
968 1855 1169 1902 delectu
1202 1873 1343 1919 spem
1376 1855 1607 1902 habeatis
1639 1853 1723 1900 ali-

235 1958 406 2005 quam,
441 1959 591 1989 causa
639 1943 775 1990 nulla
810 1951 903 1990 est.
964 1944 1143 2007 Neque
1179 1944 1324 1990 multi
1361 1951 1496 2000 sunt,
1533 1950 1587 1990 et
1630 1942 1723 1990 dif-

235 2030 456 2093 fugiunt,
483 2034 564 2093 qui
593 2039 727 2088 sunt,
764 2039 905 2078 metu
943 2032 1114 2079 oblato
1138 2047 1148 2088 ;
1191 2040 1261 2088 et,
1287 2033 1421 2095 quod
1445 2048 1606 2095 genus
1630 2030 1722 2077 hoc

235 2118 449 2164 militum
488 2123 569 2174 sit,
604 2120 843 2167 iudicavit
880 2123 951 2166 vir
985 2120 1283 2167 fortissimus
1322 2121 1395 2166 M.
1433 2119 1638 2166 Bibulus
1671 2122 1721 2165 in

236 2207 375 2262 Asia,
396 2210 498 2269 qui,
520 2224 672 2270 quum
697 2225 781 2254 vos
804 2212 847 2254 ei
870 2212 1221 2270 permisissetis
1241 2208 1496 2256 delectum
1516 2208 1721 2264 habere,

236 2294 468 2341 noluerit.
528 2296 655 2341 Nam
683 2300 927 2343 sociorum
954 2297 1137 2343 auxilia
1162 2304 1370 2360 propter
1389 2298 1719 2343 acerbitatem

236 2388 390 2444 atque
416 2386 618 2429 iniurias
642 2387 820 2445 imperi
846 2388 1000 2430 nostri
1026 2392 1115 2431 aut
1138 2388 1211 2431 ita
1234 2384 1483 2431 imbecilla
1505 2391 1640 2440 sunt,
1663 2390 1720 2431 ut:

236 2486 335 2515 non
373 2470 587 2517 multum
625 2487 714 2518 nos
750 2474 921 2518 iuvare
958 2475 1168 2535 possint,
1205 2478 1294 2519 aut
1329 2475 1402 2520 ita
1436 2472 1656 2520 alienata
1689 2489 1719 2519 a

247 2541 339 2583 232
