1837 3029
887 167 1140 216 CICERO

267 298 365 345 fuit
389 301 441 344 1n
460 304 632 345 nostra
656 313 710 345 re
735 297 935 361 publica
961 300 1202 354 omnium,
1224 314 1354 361 quae
1380 302 1623 346 memoria
1646 316 1762 348 mea

268 383 493 438 fuerunt,
528 386 578 429 in
623 399 721 445 quo
765 382 897 429 bello
936 398 1053 438 non,
1098 389 1430 446 utracumque
1473 400 1587 446 pars
1622 387 1762 433 vicis-

267 476 364 524 set,
399 475 574 515 tamen
611 467 778 530 aliqua
813 466 974 514 forma
1011 474 1145 514 esset
1180 467 1352 514 futura
1387 471 1459 515 rei
1494 469 1764 532 publicae3

266 552 360 600 hoc
382 553 514 601 bello
537 556 749 599 victores
772 569 924 616 quam
946 568 1053 598 rem
1075 553 1327 615 publicam
1349 556 1502 600 simus
1523 553 1763 611 habituri,

267 655 367 685 non
391 638 536 685 facile
563 638 865 692 affirmarim,
891 641 1032 684 victis
1057 645 1195 684 certe
1222 638 1357 684 nulla
1383 655 1624 702 umquam
1649 643 1762 690 erit.

270 723 390 770 Dixi
431 727 586 787 igitur
625 726 904 770 sententias
945 724 996 769 in
1036 723 1334 780 Antonium,
1374 723 1477 770 dixi
1519 727 1571 770 in
1615 724 1763 789 Lepi-

267 809 390 856 dum
425 825 643 863 severaS‚
681 824 847 871 neque
881 815 988 854 tam
1020 807 1290 856 ulciscendi
1323 825 1491 864 causa,
1523 826 1676 873 quam
1705 817 1763 857 ut

266 901 320 942 et
345 897 396 940 in
416 909 654 957 praesens
680 893 949 940 sceleratos
969 896 1100 939 cives
1127 896 1307 940 timore
1329 894 1392 940 ab
1418 894 1765 958 impugnanda

266 982 430 1042 patria
456 978 768 1025 deterrerem
790 984 843 1024 et
867 981 917 1024 in
937 985 1196 1040 posterum
1223 978 1584 1025 documentum
1604 986 1764 1026 statu-

192 1072 239 1111 ll
268 1080 423 1120 erem,
443 1079 507 1110 ne
534 1066 642 1126 quis
669 1062 826 1109 talem
846 1066 1122 1108 amentiam
1143 1062 1295 1110 vellet
1320 1066 1520 1110 imitari.
1576 1062 1766 1122 Quam-

269 1166 422 1213 quam
461 1146 587 1195 haec
629 1147 835 1211 quidem
875 1151 1132 1194 sententia
1172 1164 1272 1194 non
1312 1152 1471 1212 magis
1512 1148 1628 1196 mea
1666 1148 1764 1197 fuit

266 1250 419 1298 quam
440 1237 690 1279 omnium:
716 1235 767 1278 in
787 1248 886 1294 qua
907 1232 1105 1278 videtur
1125 1231 1245 1278 illud
1263 1249 1371 1279 esse
1391 1233 1612 1290 crudele,
1628 1234 1764 1296 quod

267 1319 332 1367 ad
359 1319 561 1373 liberos,
588 1321 673 1380 qui
700 1315 822 1363 nihil
848 1324 1161 1373 meruerunt,
1186 1333 1350 1379 poena
1376 1321 1638 1380 pervenit3
1673 1319 1763 1366 sed

266 1404 318 1452 id
352 1410 406 1451 et
437 1407 704 1466 antiquum
736 1409 813 1448 est
844 1409 897 1449 et
928 1405 1151 1448 omnium
1181 1404 1462 1459 civitatum,
1487 1406 1528 1450 si
1558 1403 1764 1467 quidem

267 1493 424 1537 etiam
476 1487 802 1535 Tbemistocli
852 1486 995 1534 liberi
1050 1494 1318 1550 eguerunt,
1372 1494 1443 1544 et,
1489 1490 1531 1535 si
1580 1487 1773 1555 iudicio>

266 1575 532 1622 damnatos
563 1573 744 1620 eadam
768 1588 933 1635 poena
962 1575 1191 1635 sequitur
1215 1575 1365 1628 cives,
1391 1575 1477 1636 qui
1506 1576 1762 1636 potuimus

266 1661 479 1707 leniores
505 1675 615 1706 esse
640 1661 690 1705 in
714 1657 885 1704 hostes
910 1658 928 1704 ?
973 1657 1094 1720 quid
1124 1663 1298 1704 autem
1323 1660 1466 1720 queri
1497 1661 1763 1722 quisquam

267 1752 438 1809 potest
470 1744 535 1791 de
568 1760 669 1800 me,
704 1746 806 1806 qui,
840 1745 880 1790 si
914 1745 1131 1798 vicisset,
1166 1743 1474 1790 acerbiorem
1507 1759 1562 1790 se
1595 1746 1647 1790 in
1678 1759 1762 1791 me

266 1831 495 1878 futurum
527 1829 680 1876 fuisse
714 1828 1017 1875 confiteatur
1050 1844 1255 1874 necesse
1291 1828 1411 1874 est?
1479 1827 1653 1876 Habes
1685 1845 1764 1876 ra-

265 1920 458 1963 tionem
494 1931 722 1961 mearum
758 1916 1128 1960 sententiarum
1164 1912 1227 1959 de
1265 1912 1357 1959 hoc
1393 1929 1582 1975 genere
1618 1913 1764 1960 dum-

265 2009 409 2049 taxat
436 2000 633 2046 honoris
661 2006 713 2045 ct.
738 2015 931 2061 poenae
959 2014 968 2053 3
1013 2014 1146 2051 nam,
1172 1998 1234 2043 dc
1261 2002 1440 2043 ovim-is
1466 1999 1614 2044 rebus
1641 1998 1761 2061 quid

265 2090 507 2135 senserim
555 2085 778 2148 quidque
828 2086 1128 2139 censuerim,
1175 2083 1373 2129 audisse
1426 2090 1481 2130 te
1530 2084 1760 2132 arbitror.

192 2181 241 2220 12
267 2172 366 2219 Sed
390 2171 515 2218 haec
541 2170 748 2233 quidem
773 2185 873 2215 non
897 2172 970 2215 ita
995 2172 1276 2214 necessaria
1298 2185 1308 2215 :
1344 2168 1467 2215 illud
1497 2168 1644 2215 valde
1674 2184 1763 2216 ne-

264 2260 553 2311 cessarium,
583 2255 758 2310 Brute,
788 2261 842 2301 te
872 2257 923 2300 in
959 2253 1159 2300 Italiam
1189 2270 1303 2299 cum
1334 2256 1561 2299 exercitu
1590 2256 1762 2301 venire

265 2359 419 2407 quam
443 2344 676 2404 primum.
746 2338 952 2386 Summa
973 2345 1051 2385 est
1078 2341 1392 2401 exspectatio
1417 2341 1492 2384 tui
1513 2353 1524 2393 ;
1561 2338 1696 2401 quod
1721 2341 1759 2385 si

267 2427 467 2476 Italiam
494 2428 740 2489 attigeris,
767 2424 830 2470 ad
856 2431 908 2470 te
935 2440 1199 2469 concursus
1228 2423 1313 2468 fiet
1341 2426 1579 2469 omnium.
1645 2421 1761 2470 Sive

266 2518 400 2561 enim
432 2513 845 2572 vicerimus—qui
878 2508 1080 2572 quidem
1115 2507 1447 2571 pulcherrime
1482 2510 1759 2557 viceramus

263 2608 359 2652 714
