<?xml version="1.0" encoding="UTF-8"?>
<!DOCTYPE html PUBLIC "-//W3C//DTD XHTML 1.0 Transitional//EN"
    "http://www.w3.org/TR/xhtml1/DTD/xhtml1-transitional.dtd">
<html xmlns="http://www.w3.org/1999/xhtml" xml:lang="en" lang="en">
 <head>
  <title>
</title>
<meta http-equiv="Content-Type" content="text/html;charset=utf-8" />
  <meta name='ocr-system' content='tesseract 3.04.00' />
  <meta name='ocr-capabilities' content='ocr_page ocr_carea ocr_par ocr_line ocrx_word'/>
</head>
<body>
  <div class='ocr_page' id='page_1' title='image "./letterstohisfrie03ciceuoft_0368.png"; bbox 0 0 1837 3029; ppageno 0'>
   <div class='ocr_carea' id='block_1_1' title="bbox 849 197 1099 245">
    <p class='ocr_par' dir='ltr' id='par_1_1' title="bbox 849 197 1099 245">
     <span class='ocr_line' id='line_1_1' title="bbox 849 197 1099 245; baseline 0 0"><span class='ocrx_word' id='word_1_1' title='bbox 849 197 1099 245; x_wconf 87' lang='lat' dir='ltr'>CICERO</span> 
     </span>
    </p>
   </div>
   <div class='ocr_carea' id='block_1_2' title="bbox 181 326 1717 1369">
    <p class='ocr_par' dir='ltr' id='par_1_2' title="bbox 181 326 1717 1369">
     <span class='ocr_line' id='line_1_2' title="bbox 230 326 1717 391; baseline 0.001 -19"><span class='ocrx_word' id='word_1_2' title='bbox 230 326 424 389; x_wconf 85' lang='lat' dir='ltr'><strong>reliqui.</strong></span> <span class='ocrx_word' id='word_1_3' title='bbox 491 326 684 374; x_wconf 83' lang='lat' dir='ltr'>Romae</span> <span class='ocrx_word' id='word_1_4' title='bbox 717 343 909 382; x_wconf 89' lang='lat' dir='ltr'>vereor,</span> <span class='ocrx_word' id='word_1_5' title='bbox 942 343 1006 373; x_wconf 90' lang='lat' dir='ltr'>ne</span> <span class='ocrx_word' id='word_1_6' title='bbox 1042 343 1106 373; x_wconf 88' lang='lat' dir='ltr'>ex</span> <span class='ocrx_word' id='word_1_7' title='bbox 1143 326 1255 372; x_wconf 90' lang='lat' dir='ltr'>Kal.</span> <span class='ocrx_word' id='word_1_8' title='bbox 1293 326 1399 373; x_wconf 89' lang='lat' dir='ltr'>Ian.</span> <span class='ocrx_word' id='word_1_9' title='bbox 1435 330 1606 391; x_wconf 89' lang='lat' dir='ltr'>magni</span> <span class='ocrx_word' id='word_1_10' title='bbox 1637 333 1717 373; x_wconf 87' lang='lat' dir='ltr'>tu-</span> 
     </span>
     <span class='ocr_line' id='line_1_3' title="bbox 181 423 1716 488; baseline 0.001 -19"><span class='ocrx_word' id='word_1_11' title='bbox 181 432 208 469; x_wconf 85' lang='lat'>4</span> <span class='ocrx_word' id='word_1_12' title='bbox 231 424 418 471; x_wconf 85' lang='lat' dir='ltr'>multus</span> <span class='ocrx_word' id='word_1_13' title='bbox 444 427 559 471; x_wconf 88' lang='lat' dir='ltr'>sint.</span> <span class='ocrx_word' id='word_1_14' title='bbox 622 424 723 471; x_wconf 87' lang='lat' dir='ltr'>Nos</span> <span class='ocrx_word' id='word_1_15' title='bbox 749 440 958 487; x_wconf 79' lang='lat' dir='ltr'>agemus</span> <span class='ocrx_word' id='word_1_16' title='bbox 985 427 1152 470; x_wconf 87' lang='lat' dir='ltr'>omnia</span> <span class='ocrx_word' id='word_1_17' title='bbox 1178 425 1388 470; x_wconf 87' lang='lat' dir='ltr'>modice.</span> <span class='ocrx_word' id='word_1_18' title='bbox 1450 423 1716 488; x_wconf 87' lang='lat' dir='ltr'>Reliquum</span> 
     </span>
     <span class='ocr_line' id='line_1_4' title="bbox 232 521 1714 586; baseline 0 -18"><span class='ocrx_word' id='word_1_19' title='bbox 232 530 328 578; x_wconf 84' lang='lat' dir='ltr'>est,</span> <span class='ocrx_word' id='word_1_20' title='bbox 347 530 404 569; x_wconf 89' lang='lat' dir='ltr'>ut</span> <span class='ocrx_word' id='word_1_21' title='bbox 423 529 474 569; x_wconf 90' lang='lat' dir='ltr'>te</span> <span class='ocrx_word' id='word_1_22' title='bbox 493 521 586 569; x_wconf 87' lang='lat' dir='ltr'>hoc</span> <span class='ocrx_word' id='word_1_23' title='bbox 604 539 778 585; x_wconf 82' lang='lat' dir='ltr'><strong>rogem</strong></span> <span class='ocrx_word' id='word_1_24' title='bbox 799 529 852 569; x_wconf 86' lang='lat' dir='ltr'>et</span> <span class='ocrx_word' id='word_1_25' title='bbox 871 539 899 568; x_wconf 89' lang='lat' dir='ltr'>a</span> <span class='ocrx_word' id='word_1_26' title='bbox 917 530 970 569; x_wconf 91' lang='lat' dir='ltr'>te</span> <span class='ocrx_word' id='word_1_27' title='bbox 988 529 1181 585; x_wconf 87' lang='lat' dir='ltr'>petam,</span> <span class='ocrx_word' id='word_1_28' title='bbox 1200 538 1263 568; x_wconf 92' lang='lat' dir='ltr'>ne</span> <span class='ocrx_word' id='word_1_29' title='bbox 1281 529 1478 568; x_wconf 90' lang='lat' dir='ltr'>temere</span> <span class='ocrx_word' id='word_1_30' title='bbox 1494 525 1714 586; x_wconf 85' lang='lat' dir='ltr'>naviges.</span> 
     </span>
     <span class='ocr_line' id='line_1_5' title="bbox 231 619 1716 683; baseline -0.001 -17"><span class='ocrx_word' id='word_1_31' title='bbox 231 619 405 667; x_wconf 81' lang='lat' dir='ltr'>Solent</span> <span class='ocrx_word' id='word_1_32' title='bbox 434 627 622 666; x_wconf 87' lang='lat' dir='ltr'>nautae</span> <span class='ocrx_word' id='word_1_33' title='bbox 651 619 892 667; x_wconf 86' lang='lat' dir='ltr'>festinare</span> <span class='ocrx_word' id='word_1_34' title='bbox 923 627 1164 683; x_wconf 79' lang='lat' dir='ltr'>quaestus</span> <span class='ocrx_word' id='word_1_35' title='bbox 1194 623 1267 666; x_wconf 89' lang='lat' dir='ltr'>sui</span> <span class='ocrx_word' id='word_1_36' title='bbox 1298 636 1463 666; x_wconf 86' lang='lat' dir='ltr'>causa.</span> <span class='ocrx_word' id='word_1_37' title='bbox 1526 619 1716 668; x_wconf 76' lang='lat' dir='ltr'>Cautus</span> 
     </span>
     <span class='ocr_line' id='line_1_6' title="bbox 231 717 1714 781; baseline 0 -17"><span class='ocrx_word' id='word_1_38' title='bbox 231 721 314 773; x_wconf 87' lang='lat' dir='ltr'>sis,</span> <span class='ocrx_word' id='word_1_39' title='bbox 333 721 400 764; x_wconf 88' lang='lat' dir='ltr'>mi</span> <span class='ocrx_word' id='word_1_40' title='bbox 420 718 550 765; x_wconf 89' lang='lat' dir='ltr'>Tiro.</span> <span class='ocrx_word' id='word_1_41' title='bbox 608 718 753 764; x_wconf 86' lang='lat' dir='ltr'>Mare</span> <span class='ocrx_word' id='word_1_42' title='bbox 774 735 1014 781; x_wconf 85' lang='lat' dir='ltr'>magnum</span> <span class='ocrx_word' id='word_1_43' title='bbox 1037 725 1090 765; x_wconf 85' lang='lat' dir='ltr'>et</span> <span class='ocrx_word' id='word_1_44' title='bbox 1109 717 1305 764; x_wconf 85' lang='lat' dir='ltr'>difficile</span> <span class='ocrx_word' id='word_1_45' title='bbox 1326 718 1417 764; x_wconf 86' lang='lat' dir='ltr'>tibi</span> <span class='ocrx_word' id='word_1_46' title='bbox 1438 725 1614 765; x_wconf 82' lang='lat' dir='ltr'>restat.</span> <span class='ocrx_word' id='word_1_47' title='bbox 1664 717 1714 764; x_wconf 89' lang='lat' dir='ltr'>Si</span> 
     </span>
     <span class='ocr_line' id='line_1_7' title="bbox 231 814 1714 879; baseline 0.001 -18"><span class='ocrx_word' id='word_1_48' title='bbox 231 819 437 879; x_wconf 84' lang='lat' dir='ltr'>poteris,</span> <span class='ocrx_word' id='word_1_49' title='bbox 466 833 580 863; x_wconf 88' lang='lat' dir='ltr'>cum</span> <span class='ocrx_word' id='word_1_50' title='bbox 613 816 858 863; x_wconf 87' lang='lat' dir='ltr'>Mescinio</span> <span class='ocrx_word' id='word_1_51' title='bbox 882 831 893 872; x_wconf 85' lang='lat'>3</span> <span class='ocrx_word' id='word_1_52' title='bbox 941 822 1090 863; x_wconf 85' lang='lat' dir='ltr'>caute</span> <span class='ocrx_word' id='word_1_53' title='bbox 1119 819 1159 862; x_wconf 84' lang='lat' dir='ltr'>is</span> <span class='ocrx_word' id='word_1_54' title='bbox 1189 815 1318 862; x_wconf 84' lang='lat' dir='ltr'>solet</span> <span class='ocrx_word' id='word_1_55' title='bbox 1346 819 1599 879; x_wconf 80' lang='lat' dir='ltr'>navigare.</span> <span class='ocrx_word' id='word_1_56' title='bbox 1664 814 1714 862; x_wconf 86' lang='lat' dir='ltr'>Si</span> 
     </span>
     <span class='ocr_line' id='line_1_8' title="bbox 230 913 1715 977; baseline -0.001 -16"><span class='ocrx_word' id='word_1_57' title='bbox 230 918 412 970; x_wconf 86' lang='lat' dir='ltr'>minus,</span> <span class='ocrx_word' id='word_1_58' title='bbox 436 931 550 960; x_wconf 87' lang='lat' dir='ltr'>cum</span> <span class='ocrx_word' id='word_1_59' title='bbox 574 913 789 961; x_wconf 87' lang='lat' dir='ltr'>honesto</span> <span class='ocrx_word' id='word_1_60' title='bbox 814 914 980 977; x_wconf 87' lang='lat' dir='ltr'>aliquo</span> <span class='ocrx_word' id='word_1_61' title='bbox 1004 913 1226 969; x_wconf 90' lang='lat' dir='ltr'>homine,</span> <span class='ocrx_word' id='word_1_62' title='bbox 1249 917 1388 960; x_wconf 89' lang='lat' dir='ltr'>cuius</span> <span class='ocrx_word' id='word_1_63' title='bbox 1412 916 1715 961; x_wconf 86' lang='lat' dir='ltr'>auctoritate</span> 
     </span>
     <span class='ocr_line' id='line_1_9' title="bbox 230 1010 1714 1075; baseline -0.001 -17"><span class='ocrx_word' id='word_1_64' title='bbox 230 1012 560 1059; x_wconf 80' lang='lat' dir='ltr'>navicularius</span> <span class='ocrx_word' id='word_1_65' title='bbox 581 1019 860 1058; x_wconf 81' lang='lat' dir='ltr'>moveatur.</span> <span class='ocrx_word' id='word_1_66' title='bbox 919 1011 979 1058; x_wconf 92' lang='lat' dir='ltr'>In</span> <span class='ocrx_word' id='word_1_67' title='bbox 1000 1011 1094 1058; x_wconf 84' lang='lat' dir='ltr'>hoe</span> <span class='ocrx_word' id='word_1_68' title='bbox 1116 1028 1318 1058; x_wconf 87' lang='lat' dir='ltr'>omnem</span> <span class='ocrx_word' id='word_1_69' title='bbox 1340 1010 1655 1075; x_wconf 82' lang='lat' dir='ltr'>diligentiam</span> <span class='ocrx_word' id='word_1_70' title='bbox 1675 1014 1714 1057; x_wconf 88' lang='lat' dir='ltr'>si</span> 
     </span>
     <span class='ocr_line' id='line_1_10' title="bbox 231 1109 1711 1173; baseline 0 -17"><span class='ocrx_word' id='word_1_71' title='bbox 231 1109 536 1165; x_wconf 85' lang='lat' dir='ltr'>adhibueris,</span> <span class='ocrx_word' id='word_1_72' title='bbox 565 1117 721 1173; x_wconf 90' lang='lat' dir='ltr'>teque</span> <span class='ocrx_word' id='word_1_73' title='bbox 752 1111 894 1156; x_wconf 90' lang='lat' dir='ltr'>nobis</span> <span class='ocrx_word' id='word_1_74' title='bbox 924 1109 1225 1156; x_wconf 85' lang='lat' dir='ltr'>incolumem</span> <span class='ocrx_word' id='word_1_75' title='bbox 1255 1112 1461 1165; x_wconf 85' lang='lat' dir='ltr'>stiteris,</span> <span class='ocrx_word' id='word_1_76' title='bbox 1490 1112 1659 1156; x_wconf 83' lang='lat' dir='ltr'>onmia</span> <span class='ocrx_word' id='word_1_77' title='bbox 1685 1125 1711 1156; x_wconf 88' lang='lat' dir='ltr'>a</span> 
     </span>
     <span class='ocr_line' id='line_1_11' title="bbox 231 1206 1712 1270; baseline -0.002 -15"><span class='ocrx_word' id='word_1_78' title='bbox 231 1215 285 1255; x_wconf 84' lang='lat' dir='ltr'>te</span> <span class='ocrx_word' id='word_1_79' title='bbox 321 1207 535 1254; x_wconf 79' lang='lat' dir='ltr'>habebo,</span> <span class='ocrx_word' id='word_1_80' title='bbox 606 1208 775 1254; x_wconf 86' lang='lat' dir='ltr'>Etiam</span> <span class='ocrx_word' id='word_1_81' title='bbox 813 1215 967 1270; x_wconf 83' lang='lat' dir='ltr'>atque</span> <span class='ocrx_word' id='word_1_82' title='bbox 1005 1211 1178 1261; x_wconf 80' lang='lat' dir='ltr'>etiam,</span> <span class='ocrx_word' id='word_1_83' title='bbox 1215 1214 1386 1253; x_wconf 88' lang='lat' dir='ltr'>noster</span> <span class='ocrx_word' id='word_1_84' title='bbox 1419 1206 1552 1261; x_wconf 89' lang='lat' dir='ltr'>Tiro,</span> <span class='ocrx_word' id='word_1_85' title='bbox 1587 1206 1712 1253; x_wconf 87' lang='lat' dir='ltr'>vale.</span> 
     </span>
     <span class='ocr_line' id='line_1_12' title="bbox 234 1304 1713 1369; baseline 0.001 -18"><span class='ocrx_word' id='word_1_86' title='bbox 234 1305 455 1359; x_wconf 84' lang='lat' dir='ltr'>Medico,</span> <span class='ocrx_word' id='word_1_87' title='bbox 492 1305 658 1362; x_wconf 90' lang='lat' dir='ltr'>Curio,</span> <span class='ocrx_word' id='word_1_88' title='bbox 696 1305 882 1369; x_wconf 74' lang='lat' dir='ltr'>Lysoni</span> <span class='ocrx_word' id='word_1_89' title='bbox 919 1306 982 1352; x_wconf 89' lang='lat' dir='ltr'>de</span> <span class='ocrx_word' id='word_1_90' title='bbox 1020 1312 1072 1352; x_wconf 86' lang='lat' dir='ltr'>te</span> <span class='ocrx_word' id='word_1_91' title='bbox 1110 1307 1279 1367; x_wconf 82' lang='lat' dir='ltr'>scripsi</span> <span class='ocrx_word' id='word_1_92' title='bbox 1315 1304 1713 1367; x_wconf 85' lang='lat' dir='ltr'>diligentissime.</span> 
     </span>
    </p>
   </div>
   <div class='ocr_carea' id='block_1_3' title="bbox 233 1403 549 1458">
    <p class='ocr_par' dir='ltr' id='par_1_3' title="bbox 233 1403 549 1458">
     <span class='ocr_line' id='line_1_13' title="bbox 233 1403 549 1458; baseline 0.003 -8"><span class='ocrx_word' id='word_1_93' title='bbox 233 1403 374 1458; x_wconf 86' lang='lat' dir='ltr'>Vale,</span> <span class='ocrx_word' id='word_1_94' title='bbox 396 1403 549 1451; x_wconf 88' lang='lat' dir='ltr'>salve.</span> 
     </span>
    </p>
   </div>
   <div class='ocr_carea' id='block_1_4' title="bbox 948 1649 997 1698">
    <p class='ocr_par' dir='ltr' id='par_1_4' title="bbox 948 1649 997 1698">
     <span class='ocr_line' id='line_1_14' title="bbox 948 1649 997 1698; baseline 0 0"><span class='ocrx_word' id='word_1_95' title='bbox 948 1649 997 1698; x_wconf 93' lang='lat' dir='ltr'>X</span> 
     </span>
    </p>
   </div>
   <div class='ocr_carea' id='block_1_5' title="bbox 641 1794 1305 1826">
    <p class='ocr_par' dir='ltr' id='par_1_5' title="bbox 641 1794 1305 1826">
     <span class='ocr_line' id='line_1_15' title="bbox 641 1794 1305 1826; baseline -0.003 0"><span class='ocrx_word' id='word_1_96' title='bbox 641 1795 696 1826; x_wconf 88' lang='lat' dir='ltr'>M.</span> <span class='ocrx_word' id='word_1_97' title='bbox 732 1795 778 1826; x_wconf 87' lang='lat' dir='ltr'>T.</span> <span class='ocrx_word' id='word_1_98' title='bbox 813 1795 854 1825; x_wconf 91' lang='lat' dir='ltr'>C.</span> <span class='ocrx_word' id='word_1_99' title='bbox 891 1794 928 1825; x_wconf 88' lang='lat' dir='ltr'>S.</span> <span class='ocrx_word' id='word_1_100' title='bbox 966 1794 1010 1825; x_wconf 89' lang='lat' dir='ltr'>P.</span> <span class='ocrx_word' id='word_1_101' title='bbox 1048 1794 1094 1825; x_wconf 90' lang='lat' dir='ltr'>D.</span> <span class='ocrx_word' id='word_1_102' title='bbox 1130 1794 1305 1825; x_wconf 81' lang='lat' dir='ltr'>TIRONI</span> 
     </span>
    </p>
   </div>
   <div class='ocr_carea' id='block_1_6' title="bbox 659 1911 1288 1960">
    <p class='ocr_par' dir='ltr' id='par_1_6' title="bbox 659 1911 1288 1960">
     <span class='ocr_line' id='line_1_16' title="bbox 659 1911 1288 1960; baseline 0 -7"><span class='ocrx_word' id='word_1_103' title='bbox 659 1912 826 1960; x_wconf 76' lang='lat' dir='ltr'>Cumis,</span> <span class='ocrx_word' id='word_1_104' title='bbox 848 1927 978 1953; x_wconf 51' lang='lat' dir='ltr'>mum.</span> <span class='ocrx_word' id='word_1_105' title='bbox 1002 1915 1077 1952; x_wconf 78' lang='lat'>701</span> <span class='ocrx_word' id='word_1_106' title='bbox 1104 1911 1171 1952; x_wconf 75' lang='lat' dir='ltr'>vel</span> <span class='ocrx_word' id='word_1_107' title='bbox 1191 1915 1288 1954; x_wconf 82' lang='lat'><strong>700.</strong></span> 
     </span>
    </p>
   </div>
   <div class='ocr_carea' id='block_1_7' title="bbox 185 2039 1716 2493">
    <p class='ocr_par' dir='ltr' id='par_1_7' title="bbox 185 2039 1716 2493">
     <span class='ocr_line' id='line_1_17' title="bbox 185 2039 1714 2105; baseline -0.002 -17"><span class='ocrx_word' id='word_1_108' title='bbox 185 2050 203 2087; x_wconf 94' lang='lat'>1</span> <span class='ocrx_word' id='word_1_109' title='bbox 294 2041 404 2105; x_wconf 87' lang='lat' dir='ltr'>Ego</span> <span class='ocrx_word' id='word_1_110' title='bbox 434 2057 551 2087; x_wconf 85' lang='lat' dir='ltr'>vero</span> <span class='ocrx_word' id='word_1_111' title='bbox 581 2043 726 2102; x_wconf 85' lang='lat' dir='ltr'>cupio</span> <span class='ocrx_word' id='word_1_112' title='bbox 756 2047 809 2086; x_wconf 90' lang='lat' dir='ltr'>te</span> <span class='ocrx_word' id='word_1_113' title='bbox 841 2040 904 2086; x_wconf 87' lang='lat' dir='ltr'>ad</span> <span class='ocrx_word' id='word_1_114' title='bbox 934 2055 1016 2084; x_wconf 91' lang='lat' dir='ltr'>me</span> <span class='ocrx_word' id='word_1_115' title='bbox 1047 2041 1234 2094; x_wconf 87' lang='lat' dir='ltr'>venire,</span> <span class='ocrx_word' id='word_1_116' title='bbox 1263 2039 1353 2085; x_wconf 88' lang='lat' dir='ltr'>sed</span> <span class='ocrx_word' id='word_1_117' title='bbox 1383 2041 1514 2085; x_wconf 85' lang='lat' dir='ltr'>viam</span> <span class='ocrx_word' id='word_1_118' title='bbox 1542 2041 1714 2086; x_wconf 83' lang='lat' dir='ltr'>timeo.</span> 
     </span>
     <span class='ocr_line' id='line_1_18' title="bbox 231 2138 1715 2201; baseline -0.001 -16"><span class='ocrx_word' id='word_1_119' title='bbox 231 2140 535 2186; x_wconf 86' lang='lat' dir='ltr'>Gravissime</span> <span class='ocrx_word' id='word_1_120' title='bbox 561 2141 836 2201; x_wconf 79' lang='lat' dir='ltr'>aegrotasti</span> <span class='ocrx_word' id='word_1_121' title='bbox 860 2153 871 2191; x_wconf 84' lang='lat'>3</span> <span class='ocrx_word' id='word_1_122' title='bbox 914 2138 1083 2184; x_wconf 88' lang='lat' dir='ltr'>inedia</span> <span class='ocrx_word' id='word_1_123' title='bbox 1107 2144 1161 2183; x_wconf 89' lang='lat' dir='ltr'>et</span> <span class='ocrx_word' id='word_1_124' title='bbox 1184 2138 1568 2199; x_wconf 87' lang='lat' dir='ltr'>purgationibus</span> <span class='ocrx_word' id='word_1_125' title='bbox 1593 2143 1647 2183; x_wconf 88' lang='lat' dir='ltr'>et</span> <span class='ocrx_word' id='word_1_126' title='bbox 1669 2139 1715 2182; x_wconf 91' lang='lat' dir='ltr'>vi</span> 
     </span>
     <span class='ocr_line' id='line_1_19' title="bbox 230 2233 1716 2300; baseline -0.003 -17"><span class='ocrx_word' id='word_1_127' title='bbox 230 2241 383 2300; x_wconf 82' lang='lat' dir='ltr'>ipsius</span> <span class='ocrx_word' id='word_1_128' title='bbox 399 2237 557 2283; x_wconf 85' lang='lat' dir='ltr'>morbi</span> <span class='ocrx_word' id='word_1_129' title='bbox 573 2243 900 2298; x_wconf 84' lang='lat' dir='ltr'>consumptus</span> <span class='ocrx_word' id='word_1_130' title='bbox 917 2251 984 2282; x_wconf 89' lang='lat' dir='ltr'>es.</span> <span class='ocrx_word' id='word_1_131' title='bbox 1035 2235 1226 2281; x_wconf 82' lang='lat' dir='ltr'>Graves</span> <span class='ocrx_word' id='word_1_132' title='bbox 1242 2234 1405 2281; x_wconf 79' lang='lat' dir='ltr'>solent</span> <span class='ocrx_word' id='word_1_133' title='bbox 1419 2233 1716 2281; x_wconf 81' lang='lat' dir='ltr'>offensiones</span> 
     </span>
     <span class='ocr_line' id='line_1_20' title="bbox 232 2333 1713 2398; baseline -0.001 -17"><span class='ocrx_word' id='word_1_134' title='bbox 232 2352 340 2381; x_wconf 81' lang='lat' dir='ltr'>esse</span> <span class='ocrx_word' id='word_1_135' title='bbox 367 2351 428 2381; x_wconf 82' lang='lat' dir='ltr'>ex</span> <span class='ocrx_word' id='word_1_136' title='bbox 454 2336 689 2398; x_wconf 81' lang='lat' dir='ltr'>gravibus</span> <span class='ocrx_word' id='word_1_137' title='bbox 715 2334 917 2389; x_wconf 84' lang='lat' dir='ltr'>morbis,</span> <span class='ocrx_word' id='word_1_138' title='bbox 942 2337 981 2379; x_wconf 89' lang='lat' dir='ltr'>si</span> <span class='ocrx_word' id='word_1_139' title='bbox 1007 2349 1137 2395; x_wconf 87' lang='lat' dir='ltr'>quae</span> <span class='ocrx_word' id='word_1_140' title='bbox 1163 2333 1308 2394; x_wconf 81' lang='lat' dir='ltr'>culpa</span> <span class='ocrx_word' id='word_1_141' title='bbox 1333 2335 1598 2379; x_wconf 82' lang='lat' dir='ltr'>commissa</span> <span class='ocrx_word' id='word_1_142' title='bbox 1620 2339 1713 2379; x_wconf 83' lang='lat' dir='ltr'>est.</span> 
     </span>
     <span class='ocr_line' id='line_1_21' title="bbox 232 2430 1713 2493; baseline -0.002 -14"><span class='ocrx_word' id='word_1_143' title='bbox 232 2432 340 2479; x_wconf 85' lang='lat' dir='ltr'>Iam</span> <span class='ocrx_word' id='word_1_144' title='bbox 389 2433 453 2479; x_wconf 93' lang='lat' dir='ltr'>ad</span> <span class='ocrx_word' id='word_1_145' title='bbox 500 2433 551 2478; x_wconf 91' lang='lat' dir='ltr'>id</span> <span class='ocrx_word' id='word_1_146' title='bbox 597 2432 825 2486; x_wconf 87' lang='lat' dir='ltr'>biduum,</span> <span class='ocrx_word' id='word_1_147' title='bbox 873 2431 1008 2493; x_wconf 88' lang='lat' dir='ltr'>quod</span> <span class='ocrx_word' id='word_1_148' title='bbox 1056 2430 1208 2476; x_wconf 78' lang='lat' dir='ltr'>fueris</span> <span class='ocrx_word' id='word_1_149' title='bbox 1256 2434 1306 2475; x_wconf 89' lang='lat' dir='ltr'>in</span> <span class='ocrx_word' id='word_1_150' title='bbox 1354 2433 1450 2485; x_wconf 87' lang='lat' dir='ltr'>via,</span> <span class='ocrx_word' id='word_1_151' title='bbox 1497 2431 1617 2476; x_wconf 88' lang='lat' dir='ltr'>dum</span> <span class='ocrx_word' id='word_1_152' title='bbox 1662 2432 1713 2475; x_wconf 91' lang='lat' dir='ltr'>in</span> 
     </span>
    </p>
   </div>
   <div class='ocr_carea' id='block_1_8' title="bbox 231 2527 1713 2654">
    <p class='ocr_par' dir='ltr' id='par_1_8' title="bbox 231 2527 1713 2654">
     <span class='ocr_line' id='line_1_22' title="bbox 231 2527 1713 2585; baseline -0.002 -8"><span class='ocrx_word' id='word_1_153' title='bbox 231 2530 513 2578; x_wconf 83' lang='lat' dir='ltr'>Cumanum</span> <span class='ocrx_word' id='word_1_154' title='bbox 543 2533 699 2585; x_wconf 82' lang='lat' dir='ltr'>venis,</span> <span class='ocrx_word' id='word_1_155' title='bbox 728 2529 971 2576; x_wconf 84' lang='lat' dir='ltr'>accedent</span> <span class='ocrx_word' id='word_1_156' title='bbox 1000 2532 1238 2574; x_wconf 84' lang='lat' dir='ltr'>continuo</span> <span class='ocrx_word' id='word_1_157' title='bbox 1268 2529 1331 2574; x_wconf 90' lang='lat' dir='ltr'>ad</span> <span class='ocrx_word' id='word_1_158' title='bbox 1360 2528 1580 2574; x_wconf 87' lang='lat' dir='ltr'>reditum</span> <span class='ocrx_word' id='word_1_159' title='bbox 1607 2527 1713 2574; x_wconf 88' lang='lat' dir='ltr'>dies</span> 
     </span>
     <span class='ocr_line' id='line_1_23' title="bbox 237 2607 330 2654; baseline 0 0"><span class='ocrx_word' id='word_1_160' title='bbox 237 2607 330 2654; x_wconf 81' lang='grc'>336</span> 
     </span>
    </p>
   </div>
  </div>
 </body>
</html>
