1837 3029
892 163 1144 210 CICERO

274 292 356 338 illa
403 291 584 337 callere
633 291 832 337 videtur
881 289 1155 352 Philippus,
1203 293 1288 353 qui
1337 293 1563 354 privigno
1600 293 1764 337 minus

274 359 525 413 tribuerit,
553 375 705 421 quam
734 358 925 412 Cicero,
953 361 1037 420 qui
1066 358 1228 403 alieno
1254 358 1448 404 tribuat
1471 359 1480 403 ἔ
1551 357 1765 405 Desinat

273 429 427 489 igitur
447 425 707 489 gloriando
730 428 885 471 etiam
907 428 1141 471 insectari
1163 424 1358 472 dolores
1379 431 1574 472 nostros
1599 441 1610 472 t
1645 424 1764 488 quid

273 497 408 539 enim
438 500 609 539 nostra
639 496 826 538 victum
858 509 966 538 esse
998 493 1295 547 Antonium,
1324 494 1364 538 si
1393 495 1553 539 victus
1583 499 1679 548 est,
1708 499 1766 538 ut

222 569 247 607 6
274 560 355 606 alii
376 567 595 615 vacaret,
613 559 747 622 quod
772 559 854 606 ille
872 560 1091 605 obtinuit
1112 560 1129 605 ?
1183 559 1409 606 Tametsi
1423 566 1545 606 tuae
1565 559 1764 606 litterae

273 627 426 674 dubia
454 630 611 673 etiam
640 644 771 673 nunc
799 627 1098 689 significant.
1170 625 1318 672 Vivat
1345 625 1547 673 hercule
1576 626 1766 681 Cicero,

272 698 357 757 qui
404 701 595 757 potest,
633 693 847 757 supplex
887 701 940 740 et
978 694 1239 749 obnoxius,
1277 696 1318 740 si
1365 709 1532 756 neque
1580 696 1763 740 aetatis

274 778 441 825 neque
471 760 716 808 honorum
747 777 912 824 neque
942 777 1110 807 rerum
1139 768 1399 824 gestarum
1428 760 1589 823 pudet
1613 777 1624 808 ι
1672 777 1766 824 ego

272 836 430 885 certe,
462 832 583 892 quin
613 846 727 875 cum
758 832 866 891 ipsa
895 845 948 875 re
980 828 1169 875 bellum
1199 845 1391 892 geram,
1421 827 1514 875 hoc
1545 835 1624 875 est
1653 845 1766 875 cum

273 913 431 960 regno
465 903 519 943 et
552 899 772 958 imperiis
808 895 1214 942 extraordinariis
1249 902 1304 942 et
1336 895 1680 942 dominatione
1715 902 1768 942 et

273 966 522 1025 potentia,
551 980 682 1026 quae
708 980 858 1025 supra
874 963 1012 1026 leges
1033 979 1085 1009 se
1104 979 1212 1009 esse
1237 962 1375 1018 velit,
1391 963 1527 1009 nulla
1547 966 1644 1010 erit
1661 969 1767 1009 tam

274 1032 406 1078 bona
438 1031 663 1078 condicio
697 1031 965 1086 serviendi,
999 1047 1099 1093 qua
1132 1030 1412 1086 deterrear,
1445 1032 1671 1093 quamvis
1704 1033 1769 1077 sit

275 1102 346 1144 vir
378 1099 560 1154 bonus,
588 1106 646 1145 ut
678 1099 867 1153 scribis,
896 1098 1171 1153 Oetavius‚¹
1201 1097 1335 1160 quod
1370 1114 1465 1161 ego
1492 1114 1767 1161 numquam

276 1169 560 1212 existimavi
585 1181 596 1221 ;
639 1165 729 1212 sed
753 1165 1013 1212 dominum
1038 1181 1101 1211 ne
1127 1172 1393 1227 parentem
1419 1165 1624 1227 quidem
1648 1167 1770 1211 mai-

274 1249 385 1279 ores
404 1236 562 1279 nostri
580 1233 861 1279 voluerunt.
931 1232 1002 1278 Te
1022 1235 1114 1278 nisi
1132 1239 1334 1278 tantum
1354 1249 1595 1287 amarem,
1614 1248 1769 1296 quan-

274 1308 386 1346 tum
408 1300 634 1347 Ciceroni
656 1316 951 1362 persuasum
974 1306 1052 1346 est
1073 1299 1212 1362 diligi
1233 1316 1285 1346 se
1308 1300 1372 1346 ab
1395 1299 1623 1355 Octavio,
1644 1298 1769 1346 haec

274 1368 339 1414 ad
376 1374 430 1414 te
469 1384 569 1414 non
608 1370 949 1430 scripsissem:
1006 1366 1145 1413 dolet
1182 1365 1321 1422 mihi,
1360 1366 1495 1430 quod
1541 1373 1599 1413 tu
1637 1383 1769 1413 nunc

273 1433 600 1482 stomacharis
627 1437 999 1481 amantissimus
1024 1451 1139 1480 cum
1164 1441 1367 1480 tuorum
1392 1437 1633 1488 omnium,
1657 1441 1768 1480 tum

275 1504 525 1549 Ciceronis
551 1519 562 1558 ;
597 1502 685 1549 sed
704 1501 951 1564 persuade
969 1502 1061 1547 tibi
1079 1501 1142 1548 de
1160 1501 1421 1548 voluntate
1439 1504 1639 1564 propria
1654 1517 1769 1548 mea

275 1568 396 1616 nihil
426 1586 536 1616 esse
564 1573 847 1624 remissum,
877 1569 940 1615 de
970 1569 1152 1615 iudicio
1182 1569 1406 1631 largiter,
1436 1585 1602 1631 neque
1634 1571 1765 1615 enim

276 1640 534 1699 impetrari
561 1644 748 1699 potest,
775 1639 913 1699 quin,
935 1636 1082 1699 quale
1104 1636 1326 1698 quidque
1354 1636 1584 1682 videatur
1610 1638 1673 1691 ei,
1693 1643 1768 1682 ta-

224 1710 249 1750 7
276 1704 374 1751 lem
405 1707 616 1767 quisque
643 1704 706 1750 de
738 1704 820 1750 illo
847 1707 1134 1766 opinionem
1168 1702 1371 1749 habeat.
1425 1703 1622 1750 Vellem
1648 1702 1766 1750 mihi

275 1775 570 1833 scripsisses,
599 1788 729 1834 quae
757 1771 1073 1818 condiciones
1101 1777 1272 1817 essent
1299 1771 1503 1817 Atticae
1532 1777 1732 1816 nostrae
1759 1786 1769 1817 ε

276 1842 552 1900 potuissem
600 1838 789 1901 aliquid
835 1839 927 1885 tibi
975 1838 1038 1884 de
1086 1854 1199 1884 meo
1246 1854 1396 1884 sensu
1442 1838 1765 1900 perscribere.

275 1906 632 1952 Valetudinem
658 1906 861 1951 Porciae
886 1922 1031 1951 meae
1055 1906 1148 1951 tibi
1171 1921 1320 1951 curae
1345 1922 1454 1952 esse
1479 1921 1578 1951 non
1601 1907 1764 1951 miror.

277 1974 530 2037 Denique,
575 1973 709 2037 quod
754 1976 902 2036 petis,
946 1973 1127 2018 faciam
1172 1972 1406 2029 libenter,
1450 1989 1567 2018 nam
1613 1975 1767 2019 etiam

744 2080 758 2104 ¹
795 2079 1026 2119 Tunstall:
1066 2080 1300 2119 Antonius.

338 2200 356 2218 ⁶
390 2194 438 2233 1„
472 2194 665 2233 Marcius
696 2194 937 2245 Philippus,
963 2192 1115 2232 consul
1142 2194 1184 2232 in
1211 2196 1263 2232 56
1294 2206 1388 2238 13.c.,
1413 2191 1501 2231 and
1528 2191 1770 2244 ¹stepfather

278 2251 328 2287 of
352 2249 584 2289 Octavian.
650 2248 716 2287 lle
745 2246 955 2287 favoured
986 2260 1012 2286 a
1039 2248 1331 2299 compromise
1361 2246 1555 2287 between
1586 2247 1768 2297 Antony

277 2303 365 2342 and
391 2303 462 2342 the
485 2303 661 2341 Senatc.

340 2357 354 2380 ⁶
385 2356 477 2395 The
528 2355 748 2405 daughter
799 2356 849 2394 of
898 2355 1085 2401 Atticus,
1137 2353 1389 2405 eventually
1440 2352 1670 2394 betrothed
1722 2356 1768 2394 to

282 2409 346 2450 M.
377 2410 617 2461 Vipsanius
647 2410 862 2460 Agrippa.
924 2409 1032 2459 (She
1060 2421 1148 2448 was
1176 2407 1281 2459 only
1309 2421 1438 2448 seven
1468 2421 1594 2460 years
1621 2406 1695 2448 old
1721 2411 1767 2447 at

278 2464 351 2503 the
373 2465 512 2511 time.)

340 2524 354 2541 ⁶
389 2517 564 2557 Brutus'
590 2518 703 2563 wife,
726 2516 946 2567 daughter
969 2517 1018 2556 of
1037 2516 1147 2556 Cato
1169 2516 1220 2556 of
1240 2515 1386 2557 Utica.

274 2589 367 2631 680
