1837 3029
859 198 1110 247 CICERO

241 341 322 380 tus
361 331 609 383 secundis.
648 337 702 376 et
746 345 853 375 sum
898 334 1036 374 totus
1075 333 1244 373 vester
1284 332 1339 373 et
1380 341 1489 372 esse
1527 325 1723 380 debe03

240 431 353 460 cum
412 413 709 474 praesertim
768 411 942 454 matris
1001 414 1139 462 tuae,
1196 409 1518 469 gravissimae
1571 412 1725 468 atque

241 498 462 556 optimae
481 491 720 542 feminac,
739 492 925 534 maiora
947 504 1067 550 erga
1085 486 1300 532 salutem
1320 487 1725 550 dignitatemque

241 591 407 621 meam
455 572 639 618 studia.
687 586 836 632 quam
886 575 1031 614 erant
1079 584 1106 613 a
1154 566 1362 612 muliere
1408 565 1726 629 postulanda,

242 656 601 717 perspexerim.
682 650 1005 711 Quapropter
1051 664 1078 693 a
1125 655 1177 693 te
1226 654 1345 709 peto
1391 649 1441 692 in
1486 649 1724 692 maiorem

242 735 466 789 modum,
490 739 547 779 ut
570 746 652 777 me
677 731 941 776 absentem
966 728 1143 791 diligas
1168 734 1324 790 atque
1347 725 1608 774 defendas.

922 960 1049 1008 VIII

385 1120 441 1152 M.
476 1120 522 1150 Τ.
558 1119 599 1150 C.
637 1118 776 1149 PROC.
813 1117 850 1147 S.
888 1116 931 1146 Ρ.
970 1116 1017 1146 D.
1055 1114 1310 1145 MARCELLO
1343 1113 1586 1145 COLLEGAE

529 1232 646 1272 Inter
673 1231 869 1270 Iconium
892 1233 933 1268 et
955 1228 1176 1279 Cybistra,
1199 1240 1329 1269 A.u.c.
1352 1229 1448 1267 703.

308 1359 607 1408 Marcellum
625 1365 769 1404 tuum
787 1354 1041 1401 consulem
1060 1353 1270 1409 facturn,
1286 1360 1441 1416 teque
1460 1369 1520 1399 ea
1534 1352 1729 1401 laetitia

244 1442 478 1490 affectum
516 1455 643 1493 esse,
678 1454 829 1500 quam
866 1439 1085 1481 maxime
1121 1437 1328 1496 optasti.
1363 1434 1645 1480 mirandum
1678 1438 1729 1481 in

242 1524 446 1571 modum
483 1520 699 1583 gaudeo,
726 1518 879 1579 idque
916 1533 1029 1562 cum
1066 1518 1219 1577 ipsius
1255 1530 1422 1569 causa,
1451 1521 1559 1560 tum
1595 1516 1729 1577 quod

241 1613 294 1652 te
326 1603 557 1650 omnibus
589 1599 958 1646 secundissimis
990 1597 1138 1641 rebus
1171 1595 1517 1658 dignissimum
1548 1596 1728 1650 iudico,

241 1688 380 1731 cuius
401 1698 522 1745 erga
540 1697 621 1726 me
642 1677 946 1742 singularem
965 1675 1373 1723 benevolentiam
1395 1674 1472 1721 vel
1491 1678 1541 1720 in
1559 1675 1728 1722 labore

241 1781 355 1812 meo
386 1762 464 1810 vel
494 1765 545 1808 in
576 1760 763 1806 honore
794 1759 1047 1820 perspexi,
1078 1765 1242 1802 totam
1273 1755 1492 1818 denique
1524 1756 1729 1802 domum

242 1852 461 1893 vestram
481 1842 560 1889 vel
578 1841 752 1887 salutis
772 1838 848 1885 vel
869 1839 1132 1901 dignitatis
1151 1852 1296 1882 meae
1316 1836 1729 1883 studiosissimam

241 1926 716 1988 cupidissimamque
754 1921 980 1983 cognovi.
1051 1916 1221 1975 Quare
1259 1923 1461 1980 gratum
1500 1916 1621 1962 mihi
1658 1916 1729 1964 fe-

241 2010 384 2061 ceris,
403 2008 440 2051 si
469 2005 608 2050 uxori
629 2009 750 2049 tuae
771 2000 965 2055 Iuniae,
984 2001 1307 2062 gravissimae
1333 2005 1487 2059 atque
1507 2001 1728 2059 optimae

240 2089 480 2141 feminae,
504 2087 628 2130 meis
660 2082 823 2128 verbis
855 2083 951 2126 eris
981 2077 1281 2143 gratulatus.
1347 2078 1393 2124 A
1424 2085 1477 2124 te
1503 2078 1571 2133 id,
1595 2080 1729 2140 quod

241 2169 512 2219 consuesti,
535 2171 674 2226 peto,
697 2178 778 2208 me
805 2161 1066 2208 absentem
1088 2158 1265 2222 diligas
1291 2165 1446 2221 atque
1469 2157 1727 2207 defendas,

249 2381 259 2422 ¹
305 2333 323 2351 ⁰
357 2325 516 2365 Fatlier
543 2325 591 2364 os
614 2323 685 2362 the
714 2322 762 2362 C.
796 2319 1032 2360 Marcellus
1059 2317 1294 2358 addressed
1325 2319 1366 2357 in
1395 2316 1468 2357 the
1495 2316 1729 2371 preceding

263 2385 384 2421 ettcr.

253 2614 347 2657 272
