1837 3029
304 698 387 748 M.
430 696 659 746 TULLI
701 695 1098 745 CICERONIS
1139 695 1694 747 EPISTULARUM

678 778 782 826 AD
824 777 1296 827 FAMILIARES

543 910 748 958 LIBER
784 910 1100 956 DECIMUS
1136 910 1443 968 QUINTUS

982 1018 1002 1065 Ι

418 1146 473 1177 M.
510 1145 712 1176 TULLIUS
748 1145 938 1183 swano,
976 1144 1170 1174 l’nocos.
1207 1144 1244 1174 S,
1283 1144 1325 1173 P.
1364 1144 1410 1175 D.
1447 1145 1570 1177 Coss.

611 1211 817 1242 PRAE'r'r.
852 1211 1018 1241 TRIBB.
1056 1211 1126 1240 PL.
1163 1211 1371 1242 SENATUI
1422 1236 1425 1239 ,

738 1303 788 1343 In
811 1303 978 1349 Cilicia,
1001 1317 1130 1343 Α.υ.ς.
1155 1306 1249 1343 708.

203 1430 219 1469 l
311 1422 762 1483 S.V.v.b.e.e.c.q.v.
824 1419 932 1465 Etsi
959 1417 1079 1464 mihi
1107 1436 1205 1465 non
1227 1420 1378 1465 dubie
1405 1422 1733 1470 nuntiabatur

248 1499 459 1546 Parthos
515 1500 753 1544 transisse
811 1495 1109 1558 Euphraten
1167 1513 1280 1542 cuin
1339 1498 1569 1544 omnibus
1625 1498 1731 1547 fere

246 1580 346 1623 suis
371 1579 542 1638 copiis,
567 1582 758 1629 tamen,
784 1574 919 1636 quod
944 1573 1225 1619 arbitrabar
1255 1591 1284 1619 a
1317 1574 1389 1619 M.
1416 1574 1594 1621 Bibulo
1622 1593 1731 1638 pro-

246 1652 449 1700 consule
491 1655 704 1698 certiora
747 1651 810 1697 dc
853 1649 928 1696 his
970 1651 1119 1696 rebus
1161 1650 1224 1696 ad
1268 1668 1352 1696 vos
1388 1652 1534 1698 scribi
1568 1669 1731 1715 posse,

246 1731 535 1777 statuebam
566 1728 684 1774 mihi
714 1746 809 1773 non
839 1743 1044 1773 necesse
1074 1743 1182 1772 esse
1210 1727 1409 1789 publice
1428 1729 1644 1776 scribere
1672 1747 1732 1777 ea

246 1825 376 1871 quac
400 1807 463 1852 dc
487 1805 692 1851 alterius
713 1807 963 1866 provincia
988 1807 1357 1850 nuntiarentur.
1414 1804 1597 1852 Postea
1616 1824 1732 1855 vero

246 1901 397 1947 quam
430 1885 718 1929 certissimis
750 1882 1055 1936 auctoribus,
1087 1880 1285 1943 legatis,
1317 1885 1523 1937 nuntiis,
1550 1882 1731 1931 litteris

246 1979 355 2008 sum
380 1963 562 2006 certior
585 1958 766 2013 factus,
791 1957 868 2004 vel
898 1958 1032 2020 quod
1061 1964 1207 2003 tanta
1237 1975 1315 2003 res
1346 1966 1472 2013 crat,
1497 1958 1574 2004 vel
1597 1962 1731 2023 quod

248 2038 469 2085 nondum
523 2037 841 2082 audieramus
895 2034 1126 2081 Bibulum
1175 2038 1224 2080 in
1272 2034 1467 2097 Syriam
1520 2041 1732 2094 venisse,

247 2114 325 2161 vel
358 2118 475 2176 qnia
509 2114 877 2159 administratio
911 2111 1055 2157 huius
1090 2112 1206 2157 belli
1245 2111 1364 2157 mihi
1404 2130 1516 2158 cum
1555 2113 1732 2162 Bibulo

248 2208 410 2254 paene
459 2198 537 2236 cst
583 2192 877 2243 communis,v
924 2205 1054 2251 quac
1103 2189 1165 2234 ad
1218 2205 1298 2234 me
1346 2188 1517 2235 delata
1563 2200 1733 2239 essent

200 2277 223 2314 2
245 2268 506 2315 scribenda
531 2268 593 2313 ad
619 2284 702 2312 vos
725 2269 914 2328 putavi.
973 2266 1122 2327 Regis
1146 2264 1381 2311 Antiochi
1405 2266 1731 2330 Commageni

269 2461 278 2469 ¹
310 2405 508 2469 ⁰·Cicero
544 2418 632 2445 was
667 2418 764 2444 now
800 2403 1031 2456 proconsul
1065 2404 1116 2443 of
1145 2403 1311 2449 Cilicia,
1345 2403 1433 2443 and
1471 2403 1656 2445 Bibulus
1685 2407 1736 2447 of

250 2462 446 2554 &513³th
470 2519 581 2553 lnost
605 2512 940 2562 north-easterly
963 2511 1130 2551 district
1152 2512 1202 2551 of
1218 2511 1362 2562 Syria.

255 2584 348 2626 228
