1837 3029
855 158 1107 206 CICERO

233 296 579 353 praestaturus
613 288 767 336 fuerit
800 291 1099 335 acerrimum
1132 293 1564 351 propugnatorem
1595 303 1729 334 com-

237 375 400 419 munis
418 371 660 427 liberatis,
678 375 716 418 si
743 374 988 417 occasioni
1007 374 1256 433 potuisset
1273 385 1563 426 occurrere3
1598 385 1732 423 nam,

237 458 321 517 qui
358 457 409 500 in
447 453 638 500 Achaia
674 469 968 515 congressus
1005 469 1118 498 cum
1160 451 1212 498 P.
1247 451 1512 498 Dolabella
1547 451 1732 498 milites

238 546 393 600 atque
433 541 631 600 equites
668 535 892 583 habente
931 537 1139 599 quodvis
1179 536 1316 582 adire
1353 535 1631 598 perieulum
1668 551 1730 581 ex

236 622 424 667 insidiis
456 623 758 683 paratissimi
788 620 852 667 ad
881 623 1050 667 omnia
1078 620 1285 666 latronis
1314 619 1550 665 maluerit
1579 634 1730 682 quam

238 703 394 750 videri
429 710 518 749 aut
551 710 754 750 coactus
790 718 899 750 esse
934 705 1202 765 pecuniam
1236 701 1356 748 dare
1392 709 1481 747 aut
1515 701 1731 747 libenter

238 785 435 832 dedisse
461 785 651 832 homini
676 788 984 848 nequissimo
1005 791 1160 847 atque
1181 784 1566 847 improbissimo,
1585 786 1625 830 is
1645 798 1730 829 no-

237 871 310 916 bis
332 870 462 916 ultro
484 876 537 916 et
556 869 805 932 pollicitus
827 875 905 915 est
931 875 984 915 et
1009 867 1152 915 dedit
1179 866 1278 915 HS.
1302 857 1418 936 ΙΧΪΙ,
1442 884 1505 914 ex
1530 883 1621 914 sua
1644 883 1729 930 pe-

236 955 381 997 cunia
413 959 483 1007 et,
510 951 646 1014 quod
676 951 837 997 multo
870 953 1030 997 carius
1063 957 1159 1006 est,
1184 966 1238 996 se
1270 954 1434 1013 ipsum
1467 948 1652 996 obtulit
1677 955 1732 996 et

186 1039 211 1079 2
235 1037 514 1080 coniunxit.
585 1033 715 1079 Huic
747 1032 1051 1095 persuadere
1081 1036 1346 1095 cupiimus,
1372 1039 1429 1078 ut
1458 1035 1732 1094 imperator

236 1119 286 1162 in
321 1119 493 1162 eastris
533 1122 821 1161 remaneret
863 1131 1072 1177 remque
1105 1115 1357 1177 publicam
1398 1113 1731 1160 defenderet:

236 1199 342 1245 sedl
381 1203 562 1245 statuit
599 1200 650 1245 id
686 1200 778 1245 sibi
817 1215 916 1245 non
949 1198 1138 1254 licere,²
1177 1201 1414 1261 quoniam
1452 1200 1731 1244 exerc-itum

240 1282 510 1327 dimisisset
535 1297 545 1336 3
584 1284 760 1327 statim
781 1297 899 1327 vero
921 1280 1202 1327 rediturum
1225 1280 1289 1326 ad
1310 1296 1398 1326 nos
1420 1279 1733 1326 confirmavit

239 1363 493 1427 legatione
529 1370 783 1425 suscepta,
820 1366 912 1409 nisi
948 1369 1240 1425 praetorum
1275 1365 1478 1408 comitia
1514 1360 1732 1407 habituri

238 1454 408 1494 essent
444 1447 858 1493 consules—nam
896 1446 966 1492 illi
993 1450 1065 1493 ita
1091 1448 1330 1493 sentienti
1361 1445 1424 1492 de
1451 1461 1505 1491 re
1534 1444 1733 1507 publica

238 1546 423 1593 magno
445 1546 597 1592 opere
618 1536 793 1575 auctor
812 1527 901 1584 fui,
923 1545 986 1575 ne
1008 1527 1232 1575 differret
1251 1535 1453 1590 tempus
1475 1529 1732 1589 petitionis

238 1629 459 1659 suae—2
511 1615 649 1658 euius
684 1610 877 1658 factum
912 1611 1142 1657 omnibus
1177 1617 1380 1673 gratum
1416 1625 1524 1656 esse
1559 1609 1733 1664 debet,

238 1699 323 1759 qui
360 1695 509 1742 modo
542 1695 767 1741 iudicant
799 1694 931 1741 hunc
966 1698 1245 1740 exereitum
1284 1709 1393 1740 esse
1427 1692 1625 1740 utilem³
1661 1695 1732 1738 rei

239 1777 487 1840 publicae,
515 1779 607 1823 tibi
635 1784 782 1823 tanto
809 1780 1019 1840 gratius,
1049 1784 1240 1838 quanto
1268 1778 1456 1822 maiore
1485 1782 1538 1821 et
1566 1778 1732 1820 animo

238 1861 497 1925 gloriaque
523 1861 815 1907 libertatem
835 1867 1059 1907 nostram
1079 1859 1309 1907 defendis
1332 1866 1385 1905 et
1405 1858 1673 1922 dignitate,
1693 1861 1731 1904 si

237 1948 505 2005 eontigerit
553 1947 730 1990 nostris
785 1944 996 1991 consiliis
1047 1947 1229 1999 exitus,
1279 1960 1430 2006 quem
1480 1950 1730 2005 optamus,

238 2026 592 2089 perfuncturus
623 2043 691 2073 es.
761 2026 871 2090 Ego
900 2029 1073 2082 etiam,
1102 2029 1169 2071 mi
1205 2024 1395 2080 Cicero,
1423 2027 1622 2087 proprie
1659 2023 1731 2070 fa-

240 2111 600 2173 miliariterque
628 2117 681 2156 te
707 2127 845 2173 rogo,
872 2117 929 2156 ut
956 2109 1196 2156 Veterem
1217 2126 1354 2155 ames
1378 2108 1600 2170 velisque
1621 2124 1730 2154 esse

237 2211 387 2256 quam
436 2194 814 2256 amplissimum,
860 2196 945 2256 qui
991 2196 1085 2239 etsi
1133 2193 1267 2239 nulla
1311 2208 1365 2238 re
1410 2191 1654 2238 deterreri
1700 2209 1728 2237 a

236 2279 491 2339 proposito
521 2283 708 2338 potest,
738 2283 912 2322 tamen
943 2279 1150 2321 excitari
1180 2279 1279 2321 tuis
1309 2274 1539 2320 laudibus
1569 2273 1729 2320 indul-

548 2411 563 2435 ¹
595 2410 669 2450 sed
692 2411 835 2449 added
857 2410 907 2462 by
933 2410 1101 2461 Tyrrell
1124 2410 1213 2449 and
1236 2410 1412 2450 Purser.

619 2465 634 2488 ²
667 2478 752 2504 non
776 2464 901 2504 licere
923 2464 1066 2503 added
1088 2464 1139 2515 by
1163 2463 1344 2503 Gna-litt.

539 2519 554 2542 ³
586 2518 736 2558 utilem
760 2519 822 2558 11²
849 2522 966 2558 Crat.
990 2536 998 2559 :
1038 2518 1169 2557 debet
1190 2531 1238 2558 or
1258 2517 1431 2558 debere,

233 2590 326 2633 672
