1837 3029
854 159 1106 207 CICERO

237 287 359 349 quid
399 288 539 333 nobis
576 286 863 334 faciendum
903 292 983 334 sit.
1050 288 1125 334 Tu
1165 288 1314 335 modo
1353 288 1417 336 ad
1454 304 1536 335 me
1575 287 1722 335 velim

237 357 405 400 onmia
425 354 809 417 diligentissime
830 355 1108 417 perscribas
1132 370 1143 410 ;
1183 359 1278 401 etsi
1299 359 1460 418 magis
1480 358 1579 401 iam
1601 371 1725 410 rem,

238 437 390 482 quam
417 419 614 467 litteras
641 421 806 467 debeo
833 428 1147 482 exspectare.
1215 421 1365 477 Cura,
1393 428 1451 468 ut,
1477 421 1645 468 valeas
1672 427 1727 467 et

238 491 312 533 ita
351 488 443 533 tibi
483 488 808 549 persuadeas,
847 488 968 533 mihi
1009 495 1062 534 te
1102 491 1264 534 carius
1304 487 1426 535 nihil
1466 505 1595 544 esse,
1634 503 1727 534 nec

239 571 479 616 umquam
529 553 699 600 fuisse.
768 554 910 606 Vale,
959 571 1074 601 mea
1121 555 1380 610 Terentia,
1428 572 1581 618 quam
1632 571 1727 617 ego

239 621 409 667 videre
429 621 805 683 videor,itaque
820 621 1057 669 debilitor
1077 621 1306 669 lacrimis.
1358 621 1499 669 Vale.
1561 622 1726 668 Pridie

242 687 498 735 Kalendas
524 689 796 736 Decembr.

948 857 1021 906 IV

378 980 583 1013 TULLIUS
617 983 654 1013 S.
692 983 736 1014 P.
774 984 820 1014 D.
855 980 1137 1014 TERENTIAE
1172 983 1233 1014 ET
1264 983 1532 1015 TULLIOLAE
1565 982 1629 1014 ET

797 1051 1028 1081 CICERONI
1063 1051 1167 1082 SUIS

735 1141 956 1190 Brundisi,
978 1156 1112 1183 A.u.c.
1135 1145 1232 1184 696.

191 1246 346 1310 lEgo
381 1249 545 1293 minus
579 1264 732 1309 saepe
770 1248 834 1295 ad
871 1265 954 1294 vos
991 1248 1055 1295 do
1090 1247 1306 1304 litteras,
1328 1265 1480 1311 quam
1504 1264 1724 1311 possum,

236 1320 507 1375 propterea
527 1315 662 1377 quod
680 1332 793 1360 eum
813 1318 981 1361 omnia
999 1314 1119 1361 mihi
1139 1322 1371 1377 tempora
1389 1321 1507 1362 sunt
1524 1317 1724 1369 misera,

236 1387 345 1426 tum
383 1397 517 1436 vero,
551 1398 664 1428 cum
701 1389 791 1428 aut
824 1383 986 1429 scribo
1022 1382 1085 1429 ad
1120 1399 1206 1429 vos
1241 1389 1331 1429 aut
1366 1388 1557 1429 vestras
1590 1381 1723 1444 lego,

235 1447 468 1494 conficior
507 1447 740 1504 lacrimis,
781 1450 849 1495 sic
891 1456 949 1495 ut
989 1447 1121 1495 ferre
1163 1466 1263 1495 non
1304 1452 1505 1511 possim.
1573 1447 1722 1506 Quod

236 1517 430 1560 utinam
468 1518 633 1562 minus
671 1518 806 1562 vitae
844 1516 1012 1578 cupidi
1049 1515 1349 1562 fuissemus!
1406 1522 1546 1562 certe
1584 1513 1723 1570 nihil,

235 1588 439 1628 autnon
454 1581 670 1628 multum
695 1586 746 1628 in
771 1586 874 1629 vita
898 1582 1016 1628 mali
1040 1583 1351 1630 vidissemus.
1401 1581 1550 1641 Quod
1568 1585 1607 1629 si
1633 1598 1722 1629 nos

236 1648 299 1694 ad
325 1647 543 1711 aliquam
570 1648 776 1696 alieuius
801 1650 1050 1696 commodi
1086 1650 1356 1713 aliquando
1390 1649 1720 1712 recuperandi

234 1731 376 1776 spem
401 1714 605 1762 fortuna
623 1720 916 1772 reservavit,
938 1720 1102 1763 minus
1133 1724 1212 1764 est
1241 1722 1462 1763 erratum
1494 1732 1523 1762 a
1549 1716 1721 1770 nobis;

234 1785 309 1827 sin
346 1782 470 1828 haec
495 1782 627 1828 mala
656 1783 755 1829 fixa
781 1791 917 1840 sunt,
945 1800 1040 1846 ego
1067 1800 1184 1830 vero
1219 1790 1273 1830 te
1300 1800 1453 1847 quam
1485 1781 1722 1846 primum,

235 1865 350 1894 mea
396 1852 517 1905 vita,
547 1853 693 1912 cupio
729 1851 899 1897 videre
937 1857 990 1897 et
1024 1854 1074 1896 in
1111 1858 1200 1896 tuo
1235 1849 1502 1913 complexu
1547 1852 1721 1906 emori,

235 1916 438 1977 quando
473 1933 639 1978 neque
676 1917 744 1972 di,
767 1934 891 1980 quos
920 1924 976 1963 tu
1005 1921 1283 1965 castissime
1318 1916 1533 1972 coluisti,
1554 1931 1720 1978 neque

236 1981 480 2038 homines,
515 1984 696 2046 quibus
733 2001 827 2043 ego
862 2001 1063 2046 semper
1096 1987 1293 2039 servivi,
1327 1984 1469 2030 nobis
1502 1985 1719 2046 gratiam

186 2056 210 2093 2
235 2049 557 2096 rettulerunt.
610 2050 711 2096 Nos
728 2052 958 2097 Brundisi
977 2051 1109 2114 apud
1131 2051 1202 2098 M.
1224 2051 1470 2097 Laenium
1488 2049 1720 2096 Flaccum

235 2117 342 2162 dies
392 2133 483 2162 xm
533 2116 735 2173 fuimus,
786 2122 943 2164 virum
994 2122 1260 2180 optimum,
1309 2120 1394 2181 qui
1442 2115 1718 2180 periculum

233 2182 548 2230 fortunarum
581 2192 635 2231 et
665 2188 843 2247 capitis
874 2188 949 2231 sui
980 2202 1102 2248 prae
1134 2202 1249 2232 mea
1279 2184 1443 2231 salute
1474 2183 1719 2248 neglexit,

298 2348 316 2366 ⁰
349 2343 387 2383 It
415 2358 502 2383 was
534 2349 577 2384 to
616 2345 701 2384 iliis
735 2345 797 2384 31.
830 2345 1021 2385 Laenius
1055 2345 1237 2385 Flaccus
1268 2345 1365 2385 that
1397 2344 1563 2390 Cicero,
1593 2342 1719 2383 when

239 2410 454 2448 governor
482 2399 532 2437 of
561 2398 727 2445 Cilicia,
753 2399 923 2439 refused
960 2400 1033 2439 the
1068 2404 1165 2451 post
1199 2400 1249 2439 of
1273 2399 1520 2450 praefectus
1553 2411 1611 2437 on
1644 2396 1718 2436 the

239 2451 411 2500 ground
442 2451 537 2492 that
565 2452 619 2492 he
647 2466 735 2492 was
765 2466 791 2491 a
828 2452 1012 2493 banker.
1073 2452 1241 2504 'I‘yrrell
1266 2452 1419 2492 thinks
1445 2452 1540 2492 that
1568 2453 1600 2490 it
1629 2463 1717 2489 was

239 2506 422 2545 another
450 2519 551 2546 man
582 2508 633 2546 of
657 2507 731 2547 the
749 2520 869 2548 same
890 2521 1033 2554 name,
1054 2507 1134 2547 but
1154 2509 1185 2547 it
1205 2509 1239 2547 is
1270 2507 1423 2559 highly
1444 2504 1719 2558 improbable

251 2573 337 2624 194
