1837 3029
845 189 1096 236 CICERO

223 319 360 384 quod
403 319 738 382 pulcherrime
779 318 941 365 fecisti
977 335 1034 365 ac
1072 317 1193 365 facis
1232 319 1283 364 in
1323 318 1565 373 Antonio,
1605 318 1718 365 vide

223 429 287 458 ne
321 417 646 458 convertatur
676 427 705 456 a
741 409 890 456 laude
920 412 1126 455 maximi
1157 411 1308 455 animi
1339 409 1403 456 ad
1432 412 1718 472 opinionem

223 502 536 557 formidinis3
581 519 716 557 nam,
749 502 789 548 si
828 500 1066 547 Octavius
1101 501 1194 547 tibi
1231 500 1415 562 placet,
1453 518 1483 548 a
1518 517 1618 565 quo
1654 500 1719 548 de

225 601 396 641 nostra
434 593 597 639 salute
638 591 920 655 petendum
960 595 1042 647 sit,
1076 608 1175 638 non
1216 591 1475 638 dominum
1514 590 1722 656 fugisse,

223 685 313 732 sed
341 687 628 731 amiciorem
654 683 914 731 dominum
942 686 1195 746 quaesisse
1222 682 1484 730 videberis.
1554 683 1720 742 Quem

225 776 360 840 quod
376 776 549 823 laudas
570 776 634 823 ob
651 792 728 831 ea,
747 791 877 838 quae
895 774 1057 821 adhue
1074 774 1212 830 fecit,
1228 775 1377 837 plane
1393 775 1577 838 probo3
1601 782 1721 822 sunt

225 871 359 914 enim
393 867 665 922 laudanda,
699 869 739 914 si
773 866 923 913 modo
957 873 1133 912 eontra
1167 866 1383 913 alienam
1417 869 1719 930 potentiam,

225 977 325 1007 non
355 976 445 1022 pro
476 976 566 1006 sua
591 961 812 1021 suscepit
839 975 922 1004 eas
950 961 1202 1013 aetioncs3
1240 975 1352 1004 cum
1385 975 1501 1005 vero
1532 959 1720 1006 iudicas

224 1058 426 1098 tantum
449 1051 516 1097 illi
539 1067 638 1097 non
660 1050 809 1096 modo
832 1050 998 1104 licere,
1022 1050 1110 1096 sed
1134 1053 1288 1095 etiam
1311 1067 1340 1096 a
1359 1057 1412 1096 te
1435 1053 1542 1112 ipso
1563 1051 1720 1097 tribu-

225 1143 413 1190 endum
440 1159 566 1197 esse,
591 1149 649 1188 ut
673 1141 924 1203 rogandus
950 1144 1032 1195 sit,
1057 1157 1120 1187 ne
1146 1141 1270 1187 nolit
1295 1158 1403 1188 esse
1429 1157 1516 1187 nos
1542 1141 1719 1197 salvos,

223 1237 434 1281 nimium
466 1250 704 1296 magnam
738 1232 1023 1279 mercedem
1058 1232 1355 1278 statuis—id
1389 1233 1522 1278 enim
1555 1236 1717 1296 ipsum

224 1326 292 1372 illi
322 1325 531 1389 largiris,
563 1324 697 1386 quod
727 1341 818 1386 per
846 1324 985 1369 illum
1015 1322 1203 1370 habere
1230 1324 1496 1370 videbatur
1525 1341 1602 1371 res
1629 1343 1719 1387 pu-

223 1417 433 1473 blica—‚
459 1432 625 1478 neque
652 1414 744 1461 hoe
770 1416 863 1461 tibi
888 1417 939 1460 in
970 1421 1197 1460 mentem
1225 1418 1380 1469 venit,
1405 1417 1443 1460 si
1478 1415 1716 1463 Octavius

222 1508 314 1555 illis
345 1508 525 1571 dignus
559 1510 625 1554 sit
657 1505 945 1561 honoribus,
976 1509 1094 1569 quia
1123 1522 1238 1552 cum
1269 1507 1492 1553 Antonio
1527 1507 1715 1555 bellum

222 1606 386 1663 gerat,
408 1602 467 1646 iis
493 1601 579 1662 qui
603 1597 726 1645 illud
750 1597 941 1644 malum
966 1597 1263 1653 exciderint,
1288 1599 1426 1644 euius
1451 1601 1580 1645 istae
1604 1599 1717 1646 reli-

224 1695 372 1756 quiae
400 1698 535 1748 sunt,
563 1690 701 1747 nihil,
730 1707 828 1754 quo
857 1689 1048 1753 expleri
1075 1693 1232 1752 possit
1261 1706 1433 1737 eorum
1460 1694 1717 1748 meritum,

222 1785 532 1831 tributurum
570 1799 813 1845 umquam
850 1781 1093 1844 populum
1132 1781 1433 1838 Romanum,
1471 1784 1512 1830 si
1549 1786 1718 1830 omnia

174 1885 200 1924 8
224 1876 370 1924 simul
391 1878 715 1940 congesserit.
786 1875 860 1922 Ae
882 1875 1013 1930 vide,
1036 1881 1226 1937 quanto
1249 1874 1537 1937 diligentius
1559 1874 1719 1923 homi-

225 1985 312 2016 nes
335 1974 587 2023 metuant,
610 1984 762 2030 quam
783 1969 1131 2012 meminerint:
1170 1969 1287 2029 quia
1309 1967 1559 2013 Antonius
1582 1969 1717 2014 vivat

225 2066 380 2123 atque
404 2061 455 2105 in
485 2061 633 2105 armis
657 2060 738 2113 sit,
763 2057 826 2104 de
861 2057 1076 2104 Caesare
1101 2073 1235 2112 vero,
1259 2057 1394 2120 quod
1420 2057 1524 2104 fieri
1548 2061 1715 2120 potuit

224 2167 282 2197 ac
326 2150 521 2205 debuit,
565 2155 877 2196 transactum
924 2155 1002 2194 est
1045 2164 1211 2210 neque
1256 2150 1356 2194 iam
1400 2151 1619 2195 revocari
1664 2152 1714 2195 in

224 2244 480 2304 integrum
513 2247 701 2303 potest,
737 2240 975 2287 Octavius
1006 2242 1044 2285 is
1077 2246 1171 2294 est,
1206 2241 1291 2302 qui
1325 2238 1446 2302 quid
1478 2238 1542 2286 de
1573 2240 1713 2287 nobis

225 2332 533 2379 iudicaturus
581 2333 647 2377 sit
690 2337 955 2392 exspectet
996 2330 1207 2392 populus
1251 2329 1522 2385 Romanus,
1559 2347 1647 2377 nos
1681 2333 1716 2378 ii

224 2439 413 2479 sumus,
442 2422 505 2469 de
536 2438 747 2485 quorum
776 2421 938 2467 salute
968 2437 1094 2467 unus
1123 2419 1272 2466 homo
1301 2421 1551 2484 rogandus
1581 2421 1717 2488 vide-

224 2521 354 2561 atur.
423 2513 533 2578 Ego
571 2530 704 2569 vero,
739 2519 796 2559 ut
829 2515 953 2559 istoc
989 2518 1230 2568 revertar,
1262 2514 1303 2559 is
1335 2528 1464 2569 sum,
1497 2514 1584 2577 qui
1617 2528 1718 2560 non

223 2619 318 2662 726
