1837 3029
874 172 1124 220 CICERO

259 299 498 347 molestus
525 317 677 357 esses,
703 302 890 347 veritus
917 317 1024 347 esse
1051 308 1206 364 atque
1233 304 1386 347 etiarn
1413 316 1545 348 nunc
1570 302 1743 348 vereri.

261 367 536 431 Litigarem
569 375 756 422 tecum,
788 367 862 414 fas
893 371 932 414 si
965 375 1133 422 esset;
1182 368 1271 415 sed
1301 367 1588 415 mehercule
1618 371 1745 414 istuc

259 437 297 480 si
319 452 557 498 umquam
579 438 858 497 suspicatus
880 451 981 491 ero,
1002 434 1121 480 nihil
1142 435 1304 481 dicam
1326 435 1477 490 aliud,
1497 437 1588 481 nisi
1609 451 1745 481 vere—

259 501 365 557 bor,
391 519 453 548 ne
479 503 680 564 quando
706 518 800 565 ego
825 503 935 558 tibi,
959 519 1071 548 cum
1097 518 1207 548 sum
1232 519 1348 558 una,
1372 501 1613 549 molestus
1636 504 1743 548 sim.

263 567 480 614 Marium
514 576 683 615 autem
717 576 943 615 nostrum
975 572 1024 614 in
1056 568 1285 615 lecticam
1316 568 1603 616 mehercule
1634 585 1747 615 con-

259 637 502 689 iecissem,
529 653 627 681 non
653 635 786 681 illam
812 639 943 697 regis
970 635 1247 682 Ptolemaei
1274 637 1574 682 Asicianam.
1636 635 1746 681 Me-

258 705 378 747 mini
401 705 550 757 enim,
571 720 683 749 cum
704 698 958 749 hominem
978 710 1231 765 portarem
1254 703 1317 749 ad
1335 703 1498 758 Baias,
1518 701 1745 765 Neapoli,

260 768 532 831 octophoro
560 771 810 825 Asiciano,
841 769 1277 832 machaerophoris
1304 778 1507 816 centum
1534 786 1745 832 sequen-

260 836 412 887 tibus,
452 839 600 883 miros
640 840 764 883 risus
804 854 892 883 nos
934 838 1102 891 edere,
1141 854 1253 883 cum
1294 836 1392 892 illc,
1431 840 1633 900 ignarus
1671 839 1745 881 sui

259 905 545 958 comitatus,
587 911 800 965 repente
842 907 1041 966 aperuit
1080 904 1328 959 lecticam,
1370 911 1423 950 et
1462 919 1625 966 paene
1665 902 1745 948 ille

259 971 457 1025 timore,
483 987 577 1033 ego
600 973 699 1016 risu
722 974 897 1017 corrui.
954 971 1110 1027 Tunc,
1134 978 1192 1018 ut
1214 972 1341 1026 dico,
1364 978 1502 1017 certe
1526 969 1746 1016 sustulis-

261 1052 385 1092 sem,
426 1044 481 1083 ut
527 1037 795 1100 aliquando
839 1038 1175 1085 subtilitatem
1220 1041 1403 1085 veteris
1448 1038 1746 1084 urbanitatis

262 1110 315 1149 et
341 1103 682 1150 humanissimi
710 1108 950 1151 sermonis
977 1109 1300 1169 attingerem.
1367 1103 1467 1151 Sed
1492 1104 1744 1151 hominem

260 1170 511 1217 infirmum
549 1174 600 1217 in
639 1171 804 1217 villam
845 1179 1091 1234 apertam,
1132 1189 1188 1219 ac
1226 1188 1289 1219 ne
1327 1173 1505 1219 rudem
1543 1171 1745 1235 quidem

210 1243 235 1282 3
260 1240 415 1283 etiam
442 1255 590 1293 nunc,
617 1241 830 1285 invitare
858 1238 1007 1286 nolui.
1070 1240 1179 1285 Hoc
1205 1256 1323 1285 vero
1348 1238 1470 1285 mihi
1496 1237 1746 1301 peculiare

259 1302 429 1359 fuerit,
457 1303 537 1351 hic
566 1308 720 1352 etiam
748 1309 845 1352 isto
873 1305 984 1353 frui.
1048 1306 1178 1352 Nam
1205 1306 1401 1353 illorum
1429 1306 1744 1369 praediorum

259 1373 383 1417 scito
411 1371 531 1416 mihi
562 1375 777 1419 vicinum
809 1372 1029 1419 Marium
1058 1373 1229 1420 lumen
1259 1389 1382 1419 esse.
1446 1373 1598 1435 Apud
1627 1373 1746 1418 Ani-

259 1440 391 1484 cium
417 1439 697 1486 videbimus
722 1447 781 1486 ut
805 1447 1039 1502 paratum
1066 1443 1145 1486 sit.
1207 1440 1308 1487 Nos
1335 1442 1469 1487 enim
1493 1443 1567 1486 ita
1591 1438 1746 1502 philo—

260 1503 359 1567 logi
404 1522 591 1562 sumus,
627 1514 686 1553 ut
730 1506 808 1553 vel
853 1524 966 1553 cum
1012 1506 1164 1554 fabris
1211 1507 1440 1554 habitare
1485 1509 1743 1569 possimus.

261 1571 520 1619 Habemus
543 1572 670 1620 hanc
691 1573 1057 1636 philosophiam
1079 1592 1176 1621 non
1200 1576 1262 1621 ab
1285 1574 1553 1638 Hymetto,
1573 1573 1663 1621 sed
1684 1574 1746 1620 ab

261 1655 373 1685 arce
398 1639 602 1702 Ψυρίᾳ.1
666 1641 856 1687 Marius
884 1649 937 1688 et
961 1641 1251 1689 valetudine
1273 1648 1352 1688 est
1376 1648 1430 1688 et
1454 1648 1635 1688 natura
1659 1643 1747 1686 im-

208 1712 234 1750 4
258 1705 495 1753 becillior.
559 1707 638 1753 De
666 1708 1074 1771 interpellatione
1101 1716 1304 1755 tantum
1332 1725 1526 1755 sumam
1555 1724 1585 1754 a
1611 1708 1747 1754 vobis

258 1777 498 1835 temporis
530 1775 594 1821 ad
623 1776 959 1831 scribendum,
991 1783 1238 1839 quantum
1269 1776 1468 1823 dabitis.
1535 1775 1743 1822 Utinam

262 1839 379 1886 nihil
410 1841 557 1897 detis,
577 1848 635 1888 ut
652 1845 819 1904 potius
840 1849 1005 1889 vestra
1024 1846 1219 1899 iniuria,
1239 1860 1390 1906 quam
1409 1845 1609 1907 ignavia
1631 1858 1747 1888 mea

316 1926 332 1951 ¹
367 1928 596 1969 Tunscall:
639 1929 818 1970 Abdera
847 1943 897 1971 or
925 1929 1140 1982 Gargetto
1170 1930 1249 1971 Dr.
1290 1930 1434 1970 Reid:
1473 1929 1533 1970 ab
1570 1941 1670 1969 arce
1698 1941 1748 1969 or

259 1981 410 2022 arcula
431 1982 574 2034 Cyrea
598 1983 782 2034 Tyrrell.

319 2091 336 2110 ⁰
370 2087 455 2128 For
480 2088 650 2129 Marius
671 2101 741 2129 see
764 2093 865 2129 note
885 2103 913 2129 a
934 2103 989 2129 on
1012 2089 1135 2130 Fam.
1157 2091 1230 2130 vii.
1256 2093 1292 2130 1.
1318 2093 1354 2130 1.

322 2139 338 2164 ⁶
370 2141 543 2181 Asicius
574 2155 712 2182 seems
742 2147 786 2182 to
817 2143 928 2183 have
958 2143 1066 2183 been
1097 2157 1123 2183 a
1153 2143 1267 2184 close
1296 2142 1437 2184 friend
1468 2141 1518 2183 of
1544 2140 1743 2192 Ptolemy

262 2193 456 2241 Auletes,
490 2195 588 2235 who
621 2196 757 2236 either
788 2210 900 2247 gave
932 2210 981 2237 or
1012 2196 1106 2238 sold
1141 2197 1230 2237 him
1265 2197 1331 2237 his
1361 2197 1597 2248 capacious
1630 2195 1744 2236 litter

261 2248 365 2287 with
397 2250 450 2289 its
480 2249 655 2301 regular
684 2250 968 2302 body-guard
998 2250 1047 2290 of
1071 2265 1098 2290 a
1128 2250 1329 2291 hundred
1359 2250 1642 2297 swordsmen‚
1671 2249 1744 2288 the

261 2302 381 2354 sight
396 2302 444 2342 of
457 2303 602 2343 whom
619 2303 870 2355 frightened
890 2304 964 2344 the
983 2318 1169 2345 ner-vous
1184 2303 1535 2344 valetudinarian
1559 2303 1742 2344 Marius.

323 2360 338 2379 ⁰
370 2355 521 2396 Cicero
544 2356 776 2397 elsewhere
798 2358 912 2408 (Act.
936 2359 1020 2398 xvi.
1050 2362 1140 2398 130.
1165 2359 1209 2408 Q)
1233 2358 1364 2397 refers
1386 2362 1431 2398 to
1454 2358 1674 2409 Arpinum
1695 2369 1743 2395 as

265 2412 379 2457 νῆσος
402 2414 541 2459 ψιψίη.
601 2411 754 2462 Psyria
771 2413 804 2451 is
821 2426 875 2451 an
894 2411 1034 2452 island
1058 2414 1099 2452 in
1117 2412 1191 2452 the
1207 2414 1387 2464 Aegean
1403 2425 1477 2451 sea
1493 2407 1742 2451 mentioned

259 2462 320 2515 by
341 2463 508 2503 Homer
527 2463 629 2510 (od.
647 2466 705 2505 iii.
728 2465 838 2516 171).
899 2466 967 2505 He
995 2479 1146 2505 means
1166 2466 1262 2506 that
1283 2467 1337 2507 he
1357 2467 1392 2506 is
1414 2479 1470 2506 no
1489 2464 1740 2506 effeminate

262 2516 628 2566 valetudinarian‚
650 2518 730 2558 but
750 2532 776 2558 a
799 2519 941 2571 hardy
962 2519 1159 2561 hillinan.

266 2585 362 2627 514
