1837 3029
878 184 1128 232 CICERO

260 312 482 360 dolorem
509 321 672 369 tuum,
698 315 911 361 indicem
939 314 1208 362 stultitiam
1236 335 1416 364 meam.
1485 317 1615 367 Illud
1641 323 1746 384 qui-

261 383 375 429 dem
408 401 497 430 nec
525 384 810 431 faciendum
841 391 935 439 est,
964 402 1055 431 nec
1086 386 1188 431 fieri
1218 394 1405 448 polest,
1432 405 1513 435 me
1542 390 1746 445 diutius,

262 470 410 516 quam
441 462 529 500 aut
556 462 699 500 tuum
727 460 928 516 teinpus
956 461 1044 501 aut
1071 455 1213 502 firma
1238 473 1352 519 spes
1376 458 1671 520 postulabit,
1696 462 1744 504 in

260 531 364 570 tam
406 528 587 570 misera
626 531 834 585 tamque
875 528 1008 587 turpi
1050 527 1154 571 vita
1192 532 1503 584 commorari,
1544 536 1618 584 ut,
1658 533 1742 592 qui

260 595 409 639 inodo
444 593 599 640 fratre
635 593 833 647 fuerim,
868 593 1053 649 liberis,
1088 599 1318 659 coniuge,
1353 601 1523 660 copiis,
1558 615 1745 661 genere

260 667 366 725 ipso
418 667 661 726 pecuniae
714 665 1049 720 beatissimus,
1102 666 1371 729 dignitate,
1424 671 1744 723 auctoritate,

261 738 652 790 existimatione,
695 737 858 797 gratia
904 751 1002 781 non
1046 735 1267 791 inferior,
1311 753 1462 800 quarn
1509 741 1592 800 qui
1639 755 1744 783 urn-

260 822 409 867 quam
436 804 643 851 fuerunt
667 805 974 867 amplissimi,
999 808 1038 851 is
1065 823 1213 862 nunc,
1239 810 1288 852 in
1314 806 1407 854 hac
1432 814 1537 854 tam
1562 808 1744 854 afflicta

258 876 558 938 perditaque
598 873 818 930 fortuna,
859 891 1023 938 neque
1065 893 1145 922 me
1187 893 1352 939 neque
1392 894 1530 924 meos
1570 877 1742 940 lugere

210 952 232 992 7
258 947 444 992 diutius
470 948 669 1007 possim.
739 944 907 1003 Quare
935 946 1055 1008 quid
1083 947 1146 993 ad
1173 964 1252 993 me
1280 951 1516 1010 scripsisti
1543 947 1606 994 de
1632 965 1742 1010 per-

257 1020 539 1063 mutatione
563 1016 580 1061 ?
627 1018 766 1078 quasi
794 1032 910 1063 vero
938 1034 1068 1062 nunc
1094 1033 1176 1063 me
1203 1034 1301 1063 non
1329 1024 1448 1064 tuae
1474 1015 1741 1064 facultates

256 1090 554 1133 sustineant.
623 1085 735 1143 Qua
774 1088 824 1131 in
862 1103 915 1133 re
954 1090 1061 1149 ipsa
1103 1087 1244 1134 video
1284 1091 1433 1134 miser
1471 1094 1525 1134 et
1562 1091 1741 1143 sentio,

256 1157 377 1219 quid
402 1156 598 1203 sceleris
626 1157 928 1212 admiserim,
953 1175 1065 1203 cum
1093 1164 1149 1204 tu
1176 1158 1239 1204 de
1266 1158 1533 1204 visceribus
1559 1160 1658 1203 tuis
1685 1163 1738 1204 et

256 1227 323 1273 fili
352 1230 427 1273 tui
455 1225 801 1273 satisfacturus
831 1231 912 1282 sis,
942 1229 1121 1290 quibus
1152 1227 1325 1283 debes,
1356 1244 1450 1291 ego
1480 1234 1740 1289 acceptam

256 1313 318 1343 ex
352 1301 542 1343 aerario
574 1300 838 1358 pecuniam
872 1304 960 1344 tuo
994 1301 1193 1344 nomine
1226 1296 1412 1344 frustra
1443 1298 1737 1360 dissiparim.

254 1367 353 1413 Sed
379 1374 552 1413 tamen
578 1374 629 1413 et
660 1367 731 1413 M.
760 1368 999 1417 Antonio,
1026 1376 1271 1430 quantum
1297 1376 1353 1414 tu
1379 1370 1661 1428 scripseras,
1686 1372 1738 1412 et

254 1437 495 1499 Caepioni
520 1438 841 1484 tantumdem
868 1437 1083 1484 solutum
1116 1446 1192 1485 cst
1216 1454 1227 1494 3
1272 1437 1393 1484 mihi
1420 1439 1484 1485 ad
1509 1438 1578 1493 id,
1605 1436 1739 1500 quod

252 1512 437 1571 cogito,
466 1507 576 1563 hoc,
606 1509 739 1570 quod
770 1507 949 1563 habeo,
980 1512 1099 1555 satis
1131 1516 1221 1555 est.
1291 1508 1405 1555 Sive
1435 1511 1568 1555 enim
1597 1510 1739 1554 resti-

253 1582 440 1624 tuimur
464 1581 565 1624 sive
590 1579 933 1640 desperamur,
957 1578 1077 1624 nihil
1102 1579 1312 1642 amplius
1337 1595 1460 1640 opus
1485 1585 1578 1625 est.
1645 1577 1738 1630 Tu,

253 1652 291 1694 si
331 1647 462 1694 forte
507 1648 628 1711 quid
671 1652 766 1694 erit
810 1649 1090 1704 molestiae,
1130 1656 1182 1695 te
1223 1649 1287 1695 ad
1326 1649 1558 1696 Crassum
1582 1654 1637 1695 et
1674 1646 1737 1692 ad

205 1727 229 1765 8
253 1718 500 1765 Calidium
527 1717 770 1774 conferas,
795 1736 991 1766 censeo.
1053 1719 1313 1777 Quantum
1340 1719 1610 1765 Hortensio
1634 1732 1737 1763 cre-

252 1789 472 1835 dendum
504 1792 585 1842 sit,
615 1792 795 1834 nescio.
868 1789 956 1835 Me
985 1806 1179 1834 summa
1209 1788 1527 1835 simulatione
1557 1790 1736 1833 amoris

252 1874 548 1921 summaque
591 1860 885 1905 assiduitate
922 1860 1216 1921 quotidiana
1249 1859 1629 1905 sceleratissime
1665 1861 1735 1904 in-

251 1929 670 1990 sidiosissimeque
724 1932 976 1984 tractavit,
1024 1930 1260 1975 adiuncto
1307 1945 1508 1991 quoque
1556 1930 1735 1981 Arrio;

253 2017 463 2062 quorum
485 2015 579 2061 ego
604 1999 833 2054 consiliis,
853 2003 1120 2061 promissis,
1141 2002 1422 2062 praeceptis
1442 1999 1734 2052 destitutuS,

252 2077 301 2118 in
328 2072 454 2117 hanc
480 2071 820 2118 calamitatem
846 2073 1011 2118 incidi.
1081 2071 1180 2119 Sed
1205 2071 1329 2118 haec
1355 2070 1644 2125 occultabis,
1670 2085 1733 2116 ne

315 2196 333 2214 ⁰
364 2190 518 2229 Which
548 2190 706 2241 chiefly
735 2189 953 2231 consisted
989 2191 1040 2230 of
1070 2189 1191 2241 large
1220 2189 1405 2242 leg-acies
1434 2188 1512 2230 left
1546 2188 1637 2228 him
1673 2187 1733 2239 by

254 2244 407 2285 ellents
428 2244 570 2284 whom
594 2245 646 2284 he
670 2244 755 2284 had
776 2244 1060 2294 successfully
1081 2243 1314 2284 defended.

317 2297 331 2321 ⁶
364 2297 518 2337 Which
544 2298 736 2347 Quintus
769 2298 855 2338 liud
880 2298 1043 2338 offered
1077 2302 1121 2338 to
1157 2299 1376 2350 negotiate
1402 2297 1470 2336 for
1503 2296 1655 2336 Cicero
1688 2296 1730 2334 in

258 2352 412 2398 Rome,
428 2364 476 2391 so
494 2352 590 2392 that
610 2352 663 2392 he
681 2353 822 2401 might
841 2352 951 2392 have
965 2352 1039 2391 the
1055 2351 1217 2392 benefit
1231 2353 1282 2392 of
1296 2353 1329 2391 it
1344 2354 1391 2391 at
1407 2349 1730 2390 Thessalonica.

316 2410 331 2430 ⁶
367 2406 478 2445 Both
500 2420 610 2445 were
630 2406 839 2446 creditors
860 2407 910 2446 of
925 2406 1131 2455 Quintus.

313 2459 331 2483 ‘¹
366 2459 430 2500 M.
466 2459 675 2506 Calidius,
700 2460 797 2500 who
827 2473 875 2500 as
907 2465 1082 2511 praetor
1114 2462 1156 2499 in
1187 2463 1238 2499 57
1269 2457 1508 2511 supported
1543 2455 1732 2498 Cicero's

257 2513 398 2553 recall.
459 2514 527 2564 ('f.
554 2515 673 2554 Fam.
697 2516 783 2554 viii.
807 2517 846 2554 4.
876 2518 891 2554 l
919 2514 1005 2554 and
1033 2513 1166 2553 Index
1192 2513 1249 2554 ΙΙ.

257 2577 353 2624 466
