1837 3029
847 203 1098 251 CICERO

227 329 450 377 sulentes
495 334 855 377 existimationi
899 339 1038 386 tuae,
1082 331 1315 378 facillime
1359 347 1624 379 coercere:
1686 348 1713 377 a

227 399 426 460 quibus,
445 399 580 445 rudis
598 415 712 445 cum
740 414 892 452 esses,
911 399 1110 445 videtur
1134 403 1362 460 potuisse
1388 406 1478 445 tua
1502 398 1716 445 liberali-

229 472 307 510 tas
357 466 555 527 decipi3
615 482 732 511 nam
779 473 837 511 ut
879 469 1091 528 quisquc
1135 473 1213 512 est
1254 469 1326 511 vir
1365 469 1604 528 optimus,
1642 468 1716 512 ita

227 531 511 577 difficillime
536 548 644 578 esse
670 531 790 578 alios
813 534 1065 593 improbos
1088 536 1370 594 suspicatur
1391 548 1404 588 ;
1443 549 1576 579 nunc
1599 548 1716 579 vero

227 603 408 645 tertius
465 598 544 645 hic
600 615 760 645 annus
815 598 1005 646 habeat
1058 603 1411 662 integritatem
1466 599 1716 654 eamdem,

229 682 382 727 quam
412 669 711 727 superiores,
742 670 1019 712 cautiorem
1052 670 1207 712 etiam
1240 683 1297 713 ac
1328 666 1714 729 diligentiorem.

157 741 205 779 13
231 733 341 778 Sint
375 749 519 779 aures
553 740 673 779 tuae
708 748 816 788 eae,
850 750 980 796 quae
1013 734 1081 789 id,
1115 734 1251 796 quod
1285 734 1515 789 audiunt,
1548 737 1717 780 existi-

231 807 434 845 mentur
455 800 646 855 audire,
668 817 767 846 non
789 804 839 846 in
862 817 986 862 quas
1009 801 1125 847 ficte
1148 807 1202 847 et
1222 800 1456 847 simulate
1478 808 1717 863 quaestus

231 883 381 912 causa
414 870 769 914 insusurretur.
836 867 912 914 Sit
939 867 1116 914 anulus
1143 875 1261 914 tuus
1294 884 1394 914 non
1430 875 1489 914 ut
1516 884 1602 914 vas
1633 867 1719 914 ali-

231 934 384 996 quod,
409 935 498 981 sed
522 941 785 997 tamquam
809 938 915 997 ipse
941 942 1017 991 tu,
1042 951 1142 980 non
1165 938 1395 981 minister
1419 934 1612 981 alienae
1637 951 1719 981 vo-

232 1000 459 1056 luntatis,
506 1002 596 1048 sed
642 1005 789 1048 testis
835 1009 972 1048 tuae.
1041 1002 1296 1048 Accensus
1343 1005 1410 1048 sit
1457 1017 1516 1048 eo
1564 1005 1719 1048 etiam

231 1084 458 1124 numero,
480 1084 580 1131 quo
604 1084 720 1115 eum
742 1072 957 1115 maiores
980 1073 1137 1115 nostri
1161 1085 1269 1115 esse
1293 1068 1560 1115 voluerunt
1582 1084 1593 1124 3
1633 1072 1718 1132 qui

231 1134 324 1181 hoc
343 1152 443 1181 non
461 1138 513 1181 in
531 1136 744 1182 benefici
763 1136 887 1191 loco,
907 1137 996 1182 sed
1016 1139 1066 1181 in
1085 1136 1267 1182 laboris
1288 1153 1344 1182 ac
1362 1139 1602 1191 muneris,
1620 1153 1719 1182 non

230 1208 425 1248 temere
446 1205 537 1249 nisi
556 1203 748 1249 libertis
768 1207 868 1249 suis
887 1202 1206 1257 deferebant,
1227 1204 1407 1265 quibus
1426 1203 1495 1249 illi
1515 1203 1717 1266 quidem

232 1285 332 1315 non
368 1269 529 1315 multo
569 1286 712 1316 secus
750 1287 806 1316 ac
848 1275 1000 1316 servis
1042 1271 1376 1332 imperabant.
1461 1269 1537 1316 Sit
1576 1269 1720 1316 lictor

232 1353 332 1383 non
368 1353 507 1392 suae,
543 1337 634 1384 sed
668 1344 789 1383 tuac
825 1336 1049 1383 lenitatis
1087 1341 1376 1399 apparitor3
1428 1340 1719 1400 maioraque

232 1403 522 1465 praeferant
559 1403 719 1450 fasces
756 1403 824 1449 illi
862 1421 918 1450 ac
955 1420 1153 1450 secures
1191 1405 1453 1467 dignitatis
1488 1407 1719 1467 insignia,

233 1486 384 1533 quam
420 1475 704 1533 potestatis,
771 1472 885 1517 Toti
921 1471 1141 1533 denique
1177 1474 1242 1517 sit
1281 1474 1565 1532 provinciae
1606 1487 1720 1533 cog-

233 1541 414 1593 nitum,
439 1540 531 1584 tibi
557 1542 798 1592 omnium,
824 1539 1004 1600 quibus
1030 1541 1236 1600 praesis,
1262 1537 1496 1593 salutem,
1520 1537 1719 1591 liberos,

233 1604 438 1660 famam,
493 1604 721 1651 fortunas
777 1621 886 1651 esse
942 1608 1235 1651 carissimas.
1303 1605 1540 1667 Denique
1595 1603 1720 1650 haec

233 1675 400 1734 opinio
430 1675 512 1727 sit,
543 1689 644 1718 non
674 1672 824 1718 modo
853 1675 930 1726 iis,
961 1676 1044 1734 qui
1078 1671 1266 1734 aliquid
1297 1674 1602 1734 acceperint,
1630 1671 1719 1718 sed

233 1742 289 1784 iis
315 1742 487 1794 etiam,
511 1743 596 1801 qui
620 1740 872 1794 dederint,
895 1746 948 1784 te
971 1743 1227 1785 inimicum
1252 1740 1311 1793 (si
1336 1739 1387 1785 id
1409 1738 1720 1802 cognoveris)

233 1805 475 1852 futurum.
545 1806 723 1868 Neque
752 1822 866 1852 vero
892 1809 1157 1868 quisquam
1184 1807 1343 1860 dabit,
1368 1822 1482 1852 cum
1507 1809 1605 1852 erit
1626 1804 1720 1852 hoc

234 1880 574 1935 perspectum,
603 1872 724 1918 nihil
759 1889 849 1935 per
880 1889 980 1927 eos,
1011 1877 1095 1935 qui
1132 1873 1371 1919 simulant
1405 1888 1459 1920 se
1496 1873 1632 1935 apud
1665 1879 1719 1918 te

160 1948 209 1985 14
234 1940 448 1987 multum
481 1956 644 2002 posse,
675 1941 762 1986 abs
793 1948 846 1986 te
877 1940 1037 1986 solere
1068 1944 1342 2002 impetrari.
1411 1939 1517 1986 Nec
1546 1946 1719 1986 tamen

301 2071 318 2088 ‘¹
347 2064 439 2104 The
463 2078 661 2104 (ter-cristas
683 2078 772 2104 was
794 2078 849 2104 an
879 2063 1037 2104 official
1062 2065 1111 2104 of
1135 2063 1217 2103 low
1245 2063 1360 2104 rank
1385 2063 1485 2104 who
1512 2063 1717 2104 attended

242 2132 359 2170 upon
392 2133 418 2158 a
443 2118 610 2165 consul,
640 2117 888 2170 proconsul,
919 2132 967 2157 or
998 2122 1185 2170 praetor,
1212 2122 1256 2158 at
1286 2118 1425 2158 Rome
1453 2131 1502 2158 or
1524 2117 1716 2162 abroad;

243 2173 307 2212 his
337 2172 478 2212 duties
500 2186 610 2212 were
641 2176 687 2212 to
715 2186 920 2211 suinmon
953 2174 1113 2224 parties
1142 2176 1188 2212 to
1217 2176 1356 2218 court,
1387 2171 1475 2212 and
1505 2172 1718 2212 maintain

242 2226 369 2265 order
396 2225 529 2265 there.
595 2225 663 2265 He
683 2238 772 2265 was
793 2225 1018 2277 generally
1040 2225 1114 2265 the
1139 2225 1369 2265 freedman
1390 2225 1441 2266 of
1462 2224 1537 2266 the
1558 2227 1718 2276 magi<-

243 2285 354 2320 trate
377 2279 429 2318 he
450 2279 616 2318 served.

294 2335 308 2357 ‘³
340 2332 443 2371 'l‘his
469 2335 502 2371 is
523 2346 549 2372 a
570 2333 770 2383 warning
790 2336 834 2394 to
859 2332 1052 2380 Quintus
1071 2333 1246 2384 against
1269 2332 1342 2372 the
1365 2331 1515 2372 undue
1537 2331 1718 2372 ascend-

238 2385 754 2479 anPCsidellbszfllffdidsuig
776 2389 853 2479 3101
860 2391 1033 2478 ἰ111ιέῗῒο1ἐ
1054 2441 1244 2490 practice
1264 2440 1314 2479 of
1333 2437 1491 2491 taking
1510 2438 1656 2479 bribes
1673 2443 1716 2478 to

242 2495 440 2546 mitigate
465 2494 538 2533 the
554 2495 741 2544 severity
761 2494 810 2532 of
832 2492 904 2533 the
926 2494 1210 2545 punishment
1235 2495 1267 2533 it
1293 2505 1381 2533 was
1406 2493 1518 2533 their
1542 2492 1655 2544 duty
1671 2497 1716 2533 10

240 2548 388 2588 inflict.
449 2547 630 2599 Tyr-rell.

244 2621 339 2659 400
