1837 3029
861 179 1110 226 CICERO

243 327 374 374 quae
404 326 728 373 perspexero,
757 310 971 356 scribam
1003 309 1066 356 ad
1096 315 1168 363 te,
1200 315 1254 354 et
1282 311 1503 354 maxime
1533 309 1597 355 de
1627 309 1726 355 dic-

244 389 434 436 tatura,
455 387 508 427 et
529 380 592 426 ad
616 379 897 425 Labienum
919 385 973 425 et
994 378 1058 425 ad
1081 378 1341 439 Ligurium
1361 377 1558 424 litteras
1577 379 1725 426 dabo.

245 452 390 498 Hanc
417 453 588 512 scripsi
619 457 739 496 ante
767 449 950 503 lucem,
979 448 1043 494 ad
1071 447 1409 511 lychnuchum
1436 448 1729 512 ligneolum,

244 526 329 585 qui
369 520 490 567 mihi
532 527 642 565 erat
681 519 1038 580 periucundus,
1077 519 1212 580 quod
1254 535 1370 564 eum
1410 526 1463 565 te
1505 521 1728 575 aiebant,

243 609 357 638 cum
390 607 524 636 esses
557 589 710 643 Sami,
741 605 940 634 curasse
971 586 1275 635 faciendum.
1344 589 1488 646 Vale,
1518 593 1587 636 mi
1617 607 1729 639 sua-

243 664 442 708 vissime
465 667 518 706 et
540 662 731 722 optime
753 657 926 704 frater.

921 817 1048 865 VIII

649 961 705 995 M.
732 964 906 994 CICERO
931 964 968 993 S.
997 964 1042 993 D.
1070 964 1113 1000 Q.
1142 964 1325 995 FRATRI

763 1077 945 1124 Romae,
968 1090 1098 1117 ΛΑΜ).
1123 1079 1218 1117 700.

196 1204 218 1244 1
307 1197 559 1258 Superiori
605 1193 851 1255 epistulae
897 1194 1031 1255 quod
1075 1194 1427 1254 respondeam,
1469 1195 1590 1242 nihil
1634 1205 1730 1254 est,

243 1283 374 1330 quae
417 1265 565 1326 plena
607 1261 852 1309 stomachi
895 1270 947 1308 et
988 1262 1324 1324 querellarum
1368 1273 1479 1321 c=st3
1539 1286 1639 1329 quo
1678 1272 1729 1315 in

242 1354 431 1400 genere
477 1335 690 1381 alteram
735 1349 937 1394 quoque
984 1340 1036 1378 te
1082 1335 1253 1379 scribis
1298 1336 1457 1396 pridie
1504 1338 1729 1386 Labieno

243 1407 442 1454 dedisse
467 1421 477 1461 ;
518 1407 601 1467 qui
626 1402 789 1449 adhuc
812 1419 910 1447 non
933 1410 1158 1449 venerat.
1228 1403 1431 1451 Delevit
1455 1411 1588 1453 enim
1609 1410 1729 1457 mihi

243 1493 446 1524 omnem
470 1474 753 1521 molestiam
780 1476 1030 1518 recentior
1054 1474 1286 1536 epistula.
1353 1476 1576 1524 Tantum
1599 1487 1652 1528 te
1677 1490 1731 1535 et

244 1563 425 1594 moneo
459 1553 512 1592 et
543 1561 683 1608 rogo,
717 1550 774 1590 ut
805 1546 857 1589 in
887 1546 996 1589 istis
1028 1544 1272 1591 molestiis
1306 1553 1360 1592 et
1389 1546 1644 1597 laboribus
1677 1560 1731 1600 et

243 1618 504 1665 desideriis
535 1614 818 1669 recordere,
851 1613 1112 1660 consilium
1146 1622 1373 1663 nostrum
1408 1620 1544 1681 quod
1576 1620 1731 1670 fuerit

242 1687 566 1752 profectionis
611 1692 749 1732 tuae.
835 1683 949 1730 Non
992 1688 1126 1730 enim
1168 1687 1433 1734 commoda
1477 1693 1729 1752 quaedam

241 1759 581 1822 sequebamur
616 1771 771 1818 parva
809 1771 866 1801 ac
901 1756 1189 1802 mediocria.
1258 1756 1393 1814 Quid
1431 1764 1565 1807 enim
1603 1771 1730 1824 erat,

242 1830 379 1893 quod
411 1829 633 1876 discessu
665 1832 837 1872 nostro
871 1827 1145 1873 emendum
1177 1832 1514 1889 putaremus?
1582 1832 1730 1881 Prae-

241 1901 424 1948 sidium
460 1899 797 1945 firmissimum
833 1897 1136 1958 petebamus
1169 1904 1223 1943 et
1257 1902 1435 1960 optimi
1469 1908 1523 1948 et
1551 1912 1730 1964 poten-

240 1972 419 2017 tissimi
457 1971 547 2014 viri
583 1967 941 2014 benevolentia
970 1968 1034 2014 ad
1071 1985 1273 2014 omnem
1306 1976 1497 2016 statum
1527 1982 1728 2024 nostrae

241 2041 520 2103 dignitatis.
582 2038 731 2084 Plura
753 2045 1011 2099 ponuntur
1032 2040 1082 2082 in
1104 2054 1212 2100 spe,
1228 2056 1379 2101 quam
1401 2043 1453 2086 in
1474 2048 1728 2103 pecuniis3

239 2110 434 2174 reliqua
480 2109 544 2156 ad
588 2111 835 2155 iacturam
886 2108 1188 2154 struantur}
1254 2109 1423 2167 Quare
1469 2114 1508 2156 si
1553 2116 1728 2164 crebro

432 2195 447 2220 ¹
476 2196 643 2236 Nobbe:
676 2199 902 2235 struentur
927 2195 981 2235 M
991 2213 999 2235 :
1034 2200 1312 2236 reservantur
1336 2196 1593 2240 Cratander.

303 2317 321 2337 ⁸
351 2312 416 2352 To
430 2312 522 2363 join
545 2311 706 2352 Caesar
727 2313 768 2351 in
791 2310 921 2351 Gaul.

304 2367 318 2391 ⁶
349 2366 450 2406 Just
470 2378 517 2405 as
539 2368 581 2406 in
604 2379 629 2405 a
650 2370 784 2405 storm
807 2367 838 2405 it
853 2378 941 2405 was
964 2365 1088 2405 usual
1110 2369 1155 2406 to
1174 2366 1313 2407 throw
1325 2371 1425 2419 part
1440 2367 1488 2407 of
1504 2368 1576 2409 the
1594 2383 1729 2423 cargo

243 2419 482 2460 overboard
515 2423 561 2459 to
595 2418 761 2469 lighten
793 2419 879 2459 and
911 2432 1013 2459 save
1041 2419 1114 2459 the.
1145 2419 1258 2472 ship,
1281 2433 1328 2460 so
1359 2434 1456 2461 now
1476 2422 1579 2474 they
1609 2429 1728 2465 must

245 2474 437 2514 sacrifice
469 2473 524 2512 all
558 2477 760 2524 prospect
786 2473 833 2511 of
859 2473 1110 2512 immediate
1133 2476 1237 2525 gain
1263 2478 1307 2513 to
1330 2488 1479 2517 secure
1501 2476 1586 2517 this
1611 2477 1726 2532 hope

253 2528 320 2568 for
340 2528 413 2568 the
432 2527 591 2567 future.
651 2526 736 2567 For
756 2527 925 2567 iactura
945 2527 1000 2578 cf.
1024 2528 1144 2575 Acts,
1168 2530 1294 2569 xxvii.
1317 2531 1386 2569 38.

245 2597 338 2646 598
