1837 3029
889 173 1141 220 CICERO

267 316 353 346 nos
389 316 498 346 esse
532 299 710 355 salvos,
746 307 798 347 et
832 308 988 355 certe,
1024 304 1114 347 nisi
1150 304 1189 347 is
1224 301 1503 348 Antonium
1537 303 1602 349 ab
1636 303 1758 350 urbe

212 388 237 426 2
263 383 545 436 avertisset,
583 384 832 443 perissent
871 384 1052 427 omnia.
1136 381 1321 429 Triduo
1357 399 1473 429 vero
1508 391 1594 430 aut
1639 400 1759 447 qua-

264 461 432 509 triduo
463 468 582 508 ante
612 460 741 508 hanc
772 479 878 508 rem
910 461 1297 524 pulcherrimam
1326 466 1506 510 timore
1539 464 1758 527 quodam

265 541 492 605 perculsa
535 544 708 589 civitas
753 549 865 589 tota
908 543 972 589 ad
1015 550 1067 589 te
1112 559 1165 590 se
1209 560 1323 590 cum
1367 545 1661 608 coniugibus
1706 551 1760 592 et

263 623 429 669 liberis
470 622 800 678 effundebat3
857 623 1036 669 eadem
1075 632 1303 670 recreata
1341 641 1385 671 a.
1426 624 1473 671 d.
1514 641 1600 672 ΧΗ.
1646 625 1755 672 Kal.

268 704 430 750 Maias
455 711 506 750 te
531 703 627 749 huc
653 707 820 750 venire
847 722 998 766 quam
1022 721 1075 751 se
1100 705 1165 751 ad
1187 712 1239 752 te
1264 708 1333 752 ire
1358 705 1582 752 malebat
1607 723 1617 753 :
1659 723 1757 769 quo

211 845 216 847 .
263 785 467 848 quidem
500 784 580 831 die
614 802 912 846 magnorum
945 802 1172 832 meorum
1204 785 1430 833 laborum
1463 786 1758 834 multarum-

263 883 360 929 que
391 865 672 930 vigiliarum
700 865 921 912 fructum
950 869 1060 928 cepi
1088 869 1472 914 maximum—si
1502 867 1651 915 modo
1680 875 1758 916 est

262 947 438 1009 aliquis
461 946 652 993 fructus
676 963 739 992 ex
760 947 919 994 solida
940 963 1159 1010 veraque
1181 947 1339 1011 gloria
1363 962 1559 1004 3——nam
1580 955 1757 996 tantae

262 1028 617 1083 multitudinis,
655 1035 900 1090 quantam
937 1031 1073 1089 capit
1110 1029 1226 1074 urbs
1264 1035 1452 1084 nostra,
1489 1045 1756 1076 concursus

261 1116 338 1156 est
362 1109 426 1156 ad
447 1125 527 1155 me
549 1108 731 1164 factus,
755 1125 783 1155 a
805 1125 905 1172 qua
927 1126 1085 1171 usque
1108 1112 1158 1154 in
1182 1108 1486 1171 Capitolium
1508 1109 1756 1158 deductus

260 1194 480 1237 maximo
519 1189 735 1236 clamore
776 1197 932 1252 atque
971 1189 1148 1251 plausu
1189 1194 1237 1236 in
1277 1194 1447 1236 rostris
1487 1190 1756 1239 collocatus

260 1289 370 1318 sum
395 1288 405 1318 ι
445 1270 566 1317 nihil
590 1278 667 1317 est
688 1273 738 1316 in
759 1287 841 1317 me
863 1274 1246 1334 inane—neque
1271 1275 1404 1317 enim
1427 1271 1757 1327 debet,-—sed

259 1360 433 1399 tamen
468 1354 691 1398 omnium
726 1352 957 1398 ordinum
991 1368 1279 1406 consensus,
1314 1355 1591 1415 gratiarum
1626 1357 1757 1400 actio

258 1433 637 1498 gratulatioque
661 1449 742 1479 me
767 1440 1051 1478 commovet
1077 1440 1365 1494 propterea,
1392 1433 1527 1496 quod
1551 1434 1758 1496 popula-

259 1532 366 1562 rem
398 1531 480 1561 me
515 1531 624 1560 esse
658 1517 708 1559 in
742 1513 913 1576 populi
947 1513 1111 1560 salute
1145 1513 1459 1576 praeclarum
1494 1521 1587 1561 est.
1658 1513 1758 1562 Sed

208 1603 233 1644 3
257 1595 382 1643 haec
410 1602 463 1642 te
493 1595 624 1641 malo
654 1596 717 1641 ab
747 1594 868 1641 aliis.
943 1594 1030 1640 Me
1061 1594 1209 1641 velim
1238 1594 1301 1641 de
1331 1598 1430 1641 tuis
1459 1596 1608 1642 rebus
1643 1612 1758 1642 con-

259 1677 479 1740 siliisque
541 1675 694 1723 facias
757 1675 1141 1738 diligentissime
1204 1679 1470 1722 certiorem
1532 1675 1756 1739 illudque

258 1758 561 1813 considereS,
583 1774 646 1803 ne
669 1764 759 1803 tua
784 1756 1058 1803 liberalitas
1085 1756 1370 1803 dissolutior
1392 1756 1649 1804 videatur:
1688 1760 1756 1804 sic

258 1842 415 1887 sentit
441 1845 665 1893 senatus,
691 1841 760 1884 sic
786 1837 999 1900 populus
1028 1837 1300 1892 Romanus,
1328 1837 1487 1884 nullos
1515 1854 1756 1900 umquam

258 1919 428 1967 hostes
452 1920 704 1983 digniores
727 1921 861 1964 omni
884 1918 1126 1980 supplicio
1148 1917 1301 1964 fuisse
1325 1935 1477 1981 quam
1501 1934 1584 1965 eos
1607 1921 1756 1973 cives,

259 2004 342 2065 qui
382 2000 474 2046 hoc
514 1999 645 2048 bello
684 2006 858 2045 contra
896 2002 1113 2061 patriam
1154 2015 1291 2044 arma
1330 2005 1592 2061 ceperunt,
1632 2015 1755 2062 quos

260 2082 464 2146 quidem
494 2098 588 2144 ego
616 2082 846 2127 omnibus
874 2083 1140 2126 sententiis
1170 2079 1375 2125 ulciscor
1403 2086 1455 2126 et
1482 2096 1757 2142 persequor

259 2163 489 2211 omnibus
529 2163 670 2208 bonis
710 2162 1124 2224 approbantibus.
1194 2160 1268 2206 Tu
1309 2160 1429 2222 quid
1469 2160 1531 2206 de
1570 2159 1664 2206 hac
1702 2176 1755 2208 re

259 2247 464 2298 sentias,
491 2246 564 2289 tui
591 2243 757 2288 iudicii
785 2249 862 2288 est
889 2259 897 2288 :
943 2258 1037 2304 ego
1063 2244 1131 2287 sic
1157 2244 1338 2296 sentio,
1364 2244 1517 2287 trium
1542 2239 1754 2288 fratrum

258 2341 411 2372 unam
437 2331 490 2371 et
515 2324 730 2370 eandem
756 2339 864 2370 esse
890 2339 1109 2370 causam.

522 2533 540 2553 ⁶
568 2527 661 2568 The
683 2526 908 2579 speaker's
929 2525 1138 2578 platform
1160 2527 1204 2566 in
1227 2524 1300 2566 the
1321 2525 1497 2567 Forum.

258 2610 350 2654 648
