1837 3029
864 173 1113 220 CICERO

245 317 444 364 semper
467 319 640 350 omnes
666 311 854 350 amant.
923 304 1036 361 Quo
1062 319 1123 349 ex
1148 320 1336 367 genere
1361 306 1400 350 si
1425 319 1576 366 quem
1600 301 1730 349 forte

245 395 318 438 tui
357 397 584 457 cognosti
623 397 953 440 amantiorem
997 394 1124 456 (ficri
1173 397 1304 440 enim
1352 394 1540 456 potuit)
1578 410 1728 456 quam

245 486 501 545 temporis,
539 483 671 530 hunc
711 501 827 531 vero
867 485 930 531 ad
969 491 1170 531 tuorum
1210 500 1474 531 numerum
1513 483 1730 530 libenter

243 575 510 630 ascribit03
560 578 635 621 sin
669 581 842 621 autem
874 575 926 622 id
960 593 1058 621 non
1090 578 1378 638 perspicies,
1410 574 1601 621 nullum
1634 576 1730 620 erit

240 680 400 727 genus
442 667 492 711 in
535 663 878 712 familiaritate
919 666 1198 713 cavendum
1241 668 1419 729 magis,
1460 671 1730 727 propterea

241 755 376 817 quod
427 762 481 802 et
531 773 705 803 omnes
756 759 858 802 vias
909 759 1153 818 pecuniae
1205 763 1407 811 norunt,
1459 762 1513 802 et
1561 756 1729 800 onmia

241 848 484 907 pecuniae
513 863 663 893 causa
690 845 900 902 faciunt,
930 854 1000 902 et,
1029 850 1231 910 quicum
1260 849 1436 893 victuri
1466 863 1565 892 non
1593 851 1728 899 sunt,

167 941 217 981 16
242 939 347 983 eins
405 940 765 984 existimationi
822 937 1080 984 consulere
1138 955 1237 985 non
1293 944 1486 984 curant.
1555 937 1727 998 Atque

241 1030 396 1074 etiam
423 1044 451 1075 e
479 1029 684 1076 Graecis
710 1032 828 1092 ipsis
855 1029 1125 1093 diligenter
1151 1029 1406 1076 cavendae
1432 1034 1550 1075 sunt
1575 1043 1728 1090 quae-

240 1118 355 1165 dam
393 1118 778 1176 familiaritates,
813 1128 1017 1183 praeter
1052 1120 1309 1167 hominum
1345 1135 1728 1183 perpaucorum,

243 1212 281 1255 si
313 1213 396 1272 qui
423 1217 541 1257 sunt
567 1218 738 1257 vetere
770 1211 980 1257 Graecia
1007 1212 1160 1275 digni.
1243 1210 1356 1257 Istil
1381 1227 1497 1256 vero
1525 1208 1728 1255 fallaces

239 1307 355 1346 sunt
402 1300 640 1362 permulti
688 1309 741 1348 et
788 1301 941 1356 leves,
989 1309 1042 1348 et
1088 1302 1327 1349 diuturna
1372 1304 1616 1348 servitute
1665 1299 1728 1346 ad

241 1394 444 1437 nimiam
481 1396 875 1438 assentationem
913 1394 1130 1448 eruditi3
1184 1410 1308 1455 quos
1345 1409 1439 1455 ego
1475 1394 1728 1438 universos

240 1481 465 1529 adhiberi
528 1482 820 1539 liberaliter,
883 1487 1130 1546 optimum
1195 1498 1450 1546 quemque
1512 1481 1728 1544 hospitio

240 1576 561 1636 amicitiaque
581 1577 815 1636 coniungi
837 1575 946 1621 dico
967 1581 1199 1636 oportere
1224 1590 1235 1629 ;
1274 1576 1458 1620 nimiae
1477 1571 1728 1619 familiari-

239 1669 373 1710 tates
396 1680 565 1710 eorum
591 1681 756 1727 neque
778 1672 884 1711 tam
905 1664 1077 1712 fideles
1099 1671 1233 1719 sunt,
1250 1665 1370 1728 (non
1387 1667 1520 1710 enim
1537 1663 1729 1710 audent

238 1754 488 1800 adversari
508 1759 688 1801 nostris
707 1755 1089 1817 voluntatibus,)
1112 1762 1164 1802 et
1181 1756 1411 1802 invident
1429 1771 1528 1801 non
1547 1757 1728 1801 nostris

164 1851 212 1889 17
237 1843 414 1899 solum,
446 1862 618 1891 verum
651 1848 806 1892 etiam
837 1849 952 1892 suis.
1022 1846 1108 1892 VI.
1144 1846 1251 1892 Iam
1285 1849 1370 1909 qui
1400 1848 1451 1892 in
1483 1845 1727 1892 eiusmodi

238 1935 405 1990 rebus,
432 1938 482 1981 in
511 1937 692 1999 quibus
721 1953 895 1983 vereor
932 1940 1085 1983 etiam
1119 1953 1183 1983 ne
1216 1938 1384 1984 durior
1411 1939 1521 1991 sim,
1549 1943 1726 1982 cautus

240 2043 348 2072 esse
379 2025 526 2072 velim
557 2044 614 2073 ac
643 2027 874 2091 diligens,
904 2045 1003 2091 qno
1032 2044 1113 2074 me
1144 2031 1309 2074 animo
1341 2029 1392 2073 in
1421 2043 1588 2074 servos
1616 2043 1725 2074 esse

239 2117 454 2162 censes?
513 2134 637 2180 quos
679 2118 883 2180 quidem
925 2135 1038 2164 cum
1080 2119 1310 2164 omnibus
1349 2121 1400 2163 in
1441 2117 1576 2172 locis,
1615 2124 1724 2164 tum

239 2210 508 2269 praecipue
552 2210 602 2253 in
647 2211 909 2270 provinciis
954 2225 1131 2272 regere
1176 2209 1435 2254 debemus.
1504 2208 1617 2266 Quo
1661 2208 1725 2255 de

237 2314 426 2361 genere
460 2298 619 2345 multa
654 2302 873 2361 praecipi
907 2307 1151 2361 possunt;
1203 2300 1293 2347 sed
1327 2299 1419 2346 hoc
1455 2306 1508 2347 et
1540 2301 1725 2347 brevis-

237 2391 419 2434 simum
443 2396 538 2445 est,
562 2396 616 2436 et
638 2389 871 2436 facillime
895 2394 1058 2436 teneri
1082 2397 1270 2453 potest,
1293 2397 1351 2437 ut
1372 2393 1446 2437 ita
1467 2406 1521 2437 se
1543 2398 1725 2454 gerant

743 2510 757 2535 ¹
792 2511 985 2562 Tyrrell:
1017 2513 1077 2552 sic
1101 2523 1199 2552 MSS.

246 2581 340 2622 404
