1837 3029
887 191 1136 238 CICERO

268 306 308 349 si
329 306 380 349 in
402 305 609 350 civitate
630 302 853 349 licuisset
875 302 967 348 sibi
992 317 1119 356 esse,
1141 300 1261 347 mihi
1285 317 1338 347 se
1361 299 1754 357 satisfacturum,

218 391 243 428 4
268 400 434 448 neque
454 401 536 430 me
556 384 833 446 quidquam
850 385 1200 445 interrogavit.
1269 382 1350 428 De
1367 383 1613 438 versibus,
1630 394 1755 445 quos

267 465 361 512 tibi
391 481 421 511 a
449 480 531 510 me
561 465 707 510 scribi
737 466 827 519 vis,
857 463 1004 510 deest
1034 461 1154 508 mihi
1186 463 1392 525 quidem
1422 477 1593 525 opera,
1624 478 1755 526 quae

267 562 367 591 non
404 545 554 591 modo
592 552 814 606 tempuS,
851 544 1136 590 sedetiam
1175 547 1399 590 animum
1438 537 1651 590 vacuum
1690 543 1754 590 ab

267 628 402 671 omni
427 642 545 672 cura
575 625 862 680 desiderat3
898 624 988 671 sed
1021 625 1167 670 abest
1198 627 1354 670 etiam
1386 621 1755 686 ἐνθουσιασμόςς

268 723 367 752 non
406 709 540 752 enim
579 722 750 751 sumus
788 707 992 751 omnino
1031 707 1138 751 sine
1177 721 1296 751 cura
1334 707 1583 752 venientis
1621 706 1756 759 anni,

270 790 365 833 etsi
389 803 561 833 sumus
580 790 687 832 sine
708 789 906 832 timore.
974 784 1132 832 Simul
1157 792 1210 831 et
1234 785 1357 832 illud
1381 785 1509 848 (sine
1534 784 1637 831 ulla
1652 800 1756 830 me-

268 866 470 914 hercule
488 870 646 913 ironia
663 866 861 929 loquor)
882 883 892 913 :
921 866 1014 912 tibi
1038 869 1182 912 istius
1200 869 1401 929 generis
1422 868 1477 912 in
1493 865 1757 912 scribendo

219 956 243 993 5
266 951 456 1010 priores
494 954 667 1010 partes
706 948 893 1003 tribuo,
932 963 1085 1010 quam
1124 945 1262 993 mihi.
1331 946 1413 993 De
1450 945 1758 993 bibliotheca

267 1036 358 1076 tua
395 1028 592 1075 Graeca
627 1027 928 1091 supplenda,
962 1027 1100 1074 libris
1137 1027 1526 1086 commutandis,
1563 1026 1757 1074 Latinis

267 1110 635 1173 comparandis,
656 1109 801 1156 valde
823 1108 971 1155 velim
992 1112 1091 1155 ista
1110 1108 1304 1164 confici,
1322 1111 1624 1171 praesertim
1642 1123 1756 1154 cum

269 1191 335 1238 ad
355 1207 527 1237 meum
549 1207 752 1253 quoque
775 1207 921 1236 usum
943 1197 1194 1252 spectent.
1263 1189 1364 1236 Sed
1386 1205 1500 1253 ego,
1521 1188 1644 1235 mihi
1663 1189 1757 1250 ipsi

268 1274 366 1318 ista
382 1287 642 1335 perquem
662 1287 828 1334 agam,
846 1288 946 1317 non
963 1270 1143 1317 habeo.
1212 1270 1392 1333 Neque
1411 1273 1546 1317 enim
1561 1269 1758 1316 venalia

269 1359 405 1409 sunt,
454 1368 585 1416 quae
633 1352 840 1415 quidem
886 1351 1141 1415 placeant,
1189 1359 1243 1398 et
1289 1351 1482 1407 confici,
1529 1353 1622 1397 nisi
1667 1365 1758 1413 per

269 1433 525 1480 hominem
570 1440 623 1480 et
665 1436 887 1496 peritum
931 1440 986 1480 et
1027 1432 1345 1496 diligentem,
1388 1448 1489 1479 non
1529 1417 1756 1494 possunt.

269 1513 551 1578 Chrysippo
603 1521 779 1562 tamen
831 1514 1111 1576 imperabo,
1165 1520 1219 1561 et
1271 1530 1386 1559 curn
1436 1512 1758 1577 Tyrannione

268 1595 460 1658 loquar.
529 1595 610 1642 De
671 1595 789 1642 fisco
849 1595 972 1658 quid
1033 1598 1198 1658 egerit
1257 1593 1440 1657 Scipio,
1498 1609 1756 1657 quaeram.

270 1677 420 1735 Quod
441 1677 695 1723 videbitur
715 1683 912 1723 rectum
934 1691 1063 1732 esse,
1082 1677 1285 1722 curabo.
1354 1675 1434 1722 De
1456 1675 1758 1731 Ascanione,

270 1764 327 1804 tu
351 1774 486 1814 vero,
510 1758 646 1821 quod
669 1757 822 1814 voles,
844 1756 999 1804 facies
1022 1772 1035 1813 ;
1074 1772 1156 1803 me
1180 1755 1304 1803 nihil
1324 1759 1607 1819 interpono.
1676 1744 1757 1802 De

269 1839 576 1895 suburbano,
599 1839 736 1901 quod
758 1855 860 1884 non
881 1854 1140 1901 properas,
1160 1837 1312 1884 laudo
1335 1853 1346 1893 3
1389 1844 1447 1884 ut
1469 1844 1526 1884 tu
1551 1836 1758 1893 habeaS,

221 1919 457 1967 6hortor.
526 1919 668 1966 Haec
712 1922 883 1982 scripsi
928 1936 973 1966 a.
1019 1919 1068 1966 d.
1114 1934 1180 1965 1x.
1231 1918 1445 1966 Kalend.
1492 1917 1757 1973 Novemb.,

270 2017 369 2063 quo
409 2001 490 2047 die
529 2000 633 2046 ludi
673 2001 1143 2055 committebantur,
1181 2003 1231 2045 in
1269 1999 1607 2045 Tusculanum
1645 2014 1757 2060 pro—

271 2082 512 2137 ficiscens,
560 2083 851 2145 ducensque
899 2097 1099 2128 mecum
1146 2080 1441 2127 Ciceronem
1488 2095 1659 2126 meum
1704 2082 1755 2125 in

271 2161 445 2209 ludum
493 2162 736 2218 discendi,
777 2178 877 2209 non
923 2161 1163 2217 lusionis3
1223 2177 1284 2208 ea
1322 2177 1377 2208 re
1419 2177 1520 2207 non
1544 2154 1756 2223 'longius

331 2369 350 2388 ⁰
387 2363 456 2416 Cf.
487 2364 590 2405 Juv.
624 2364 714 2405 Sat.
746 2365 817 2404 vii.
850 2366 993 2410 53-59,
1022 2363 1048 2379 “
1069 2362 1143 2403 sed
1173 2367 1317 2403 vatem
1349 2364 1576 2414 egregium
1609 2357 1634 2404 .’
1654 2392 1664 2402 .
1697 2391 1707 2403 .
1745 2358 1752 2415 Ι

274 2419 493 2458 anxietate
516 2431 667 2457 carens
692 2420 865 2457 animus
888 2418 1008 2465 facit,
1033 2419 1175 2456 omnis
1199 2416 1343 2456 acerbi
1366 2416 1371 2467 Ι
1394 2414 1671 2467 impatiens.”

335 2472 350 2496 ⁶
385 2472 584 2521 Nothing
601 2475 633 2511 is
651 2471 811 2510 known
829 2472 876 2511 of
889 2472 972 2511 this
987 2473 1270 2518 transaction,
1287 2471 1365 2510 but
1380 2472 1434 2521 cf.
1459 2470 1565 2519 QF.
1582 2471 1639 2510 iii.
1657 2472 1695 2509 5.
1713 2471 1752 2510 6,

332 2531 345 2550 ⁶
380 2526 599 2577 Probably
621 2539 703 2565 one
724 2525 772 2564 of
790 2525 1020 2573 Quintus's
1039 2524 1192 2565 slaves.

276 2590 371 2637 586
