1837 3029
167 1099 216 1137 15

860 182 1108 229 CICERO

240 314 319 353 est
359 307 481 355 haec
519 313 679 356 oratio
719 327 832 356 mea
871 310 1170 366 huiusmodi,
1210 317 1267 357 ut
1305 317 1358 357 te
1396 313 1447 357 in
1486 316 1600 356 tuos
1638 314 1725 356 aut

240 393 419 440 durum
448 412 556 442 esse
583 400 808 452 nimium,
835 405 923 444 aut
948 402 1272 460 suspiciosum
1302 397 1463 444 velim.
1532 395 1659 442 Nam
1686 397 1725 442 si

240 485 350 543 quis
385 491 463 529 est
497 500 687 539 eorum,
721 488 805 547 qui
841 486 931 531 tibi
967 486 1136 532 bienni
1170 488 1334 547 spatio
1367 501 1642 547 numquam
1676 485 1725 529 in

239 573 571 630 suspicionem
615 575 853 618 avaritiae
891 576 1102 627 venerit,
1139 573 1217 635 (ut
1261 589 1355 635 ego
1399 572 1629 618 Caesium
1674 575 1728 616 et

241 655 577 720 Chaerippum
619 666 673 705 et
709 659 998 705 Labeonem
1043 667 1096 706 et
1138 661 1303 714 audio,
1344 666 1413 715 et,
1456 661 1573 722 quia
1613 674 1727 720 cog-

241 747 371 799 novi,
402 746 674 808 existimo‚)
705 746 825 792 nihil
857 754 951 802 cst,
982 748 1116 809 quod
1148 765 1244 793 non
1278 754 1331 793 ct
1359 749 1435 802 iis,
1466 753 1519 792 et
1548 748 1586 792 si
1618 747 1727 808 quis

242 838 319 877 est
340 830 463 878 alius
484 834 866 889 eiusdemmodi,
886 842 939 881 et
958 838 1206 881 committi
1227 842 1280 881 et
1299 834 1432 880 credi
1452 835 1726 880 rectissime

241 925 434 980 putem.
503 919 602 967 Sed
638 924 675 967 si
714 925 823 984 quis
860 928 955 977 est,
989 925 1040 968 in
1077 939 1175 985 quo
1210 925 1309 968 iam
1346 920 1628 974 offenderis,
1663 919 1726 966 de

241 1022 340 1068 quo
384 1006 571 1070 aliquid
615 1012 845 1064 senseris,
889 1008 1003 1056 huic
1047 1009 1168 1055 nihil
1211 1009 1498 1064 credideris,
1541 1006 1727 1054 nullam

240 1101 437 1154 partem
472 1099 856 1143 existimationis
890 1104 1010 1143 tuae
1043 1100 1363 1143 commiseris.
1431 1095 1489 1142 V.
1519 1095 1585 1159 ⁵Iu
1617 1111 1728 1157 pro-

240 1184 401 1227 vincia
435 1198 552 1229 vero
594 1187 718 1245 ipsa,
761 1187 798 1229 si
842 1201 993 1246 quem
1037 1201 1089 1230 es
1132 1191 1326 1239 nactus,
1368 1187 1452 1246 qui
1494 1186 1545 1230 in
1585 1189 1726 1229 tuam

239 1266 633 1315 familiaritatem
665 1274 866 1332 penitus
895 1275 1111 1327 intrarit,
1141 1275 1226 1334 qui
1256 1273 1396 1318 nobis
1426 1277 1545 1317 ante
1574 1269 1728 1316 fuerit

239 1358 460 1418 ignotus,
502 1357 615 1403 huic
657 1366 903 1420 quantum
946 1360 1254 1406 cred-<ndum
1295 1362 1378 1412 sit,
1420 1359 1568 1414 vide3
1627 1374 1727 1404 non

240 1447 361 1506 quin
400 1449 594 1506 possint
633 1446 779 1492 multi
821 1463 929 1493 esse
969 1447 1295 1509 provinciales
1335 1450 1424 1493 viri
1463 1447 1599 1501 boni,
1637 1445 1728 1492 sed

241 1530 333 1578 hoc
366 1548 567 1594 sperare
601 1533 736 1589 licet,
768 1534 988 1580 iudicare
1020 1534 1353 1597 periculosum
1387 1541 1479 1581 est.
1550 1532 1728 1580 Multis

241 1623 375 1665 enim
408 1620 781 1667 simulationum
815 1622 1077 1668 involucris
1109 1626 1317 1686 tegitur,
1351 1629 1404 1669 et
1435 1625 1576 1685 quasi
1608 1619 1727 1667 velis

240 1708 539 1770 quibusdam
565 1709 860 1756 obtenditur
884 1714 1029 1756 unius
1053 1714 1294 1773 cuiusque
1318 1717 1500 1756 natura
1523 1725 1534 1764 ;
1575 1707 1727 1764 frons,

239 1794 386 1850 oculi,
422 1795 587 1842 vultus
625 1813 867 1859 persaepe
904 1802 1237 1854 mentiuntur,
1274 1801 1432 1844 oratio
1468 1813 1585 1844 vero
1620 1812 1726 1843 sae-

240 1886 457 1944 pissime.
499 1884 859 1942 Quamobrcm,
877 1889 960 1947 qui
977 1893 1122 1948 potes
1143 1889 1362 1948 reperire
1380 1902 1441 1932 ex
1460 1902 1519 1932 eo
1538 1900 1725 1949 genere

241 1969 515 2027 hominum,
549 1976 631 2034 qui
672 1976 915 2034 pecuniae
959 1975 1237 2035 cupiditate
1281 1974 1484 2020 adducti
1522 1978 1727 2019 careant

240 2057 314 2103 his
358 2060 504 2103 rebus
548 2061 794 2115 omnibus,
838 2077 865 2106 a
908 2062 1088 2123 quibus
1130 2079 1217 2106 nos
1259 2061 1436 2107 divulsi
1478 2077 1586 2106 esse
1628 2076 1725 2106 non

240 2162 520 2208 possumus,
561 2155 611 2194 tc
653 2156 843 2204 autem,
883 2149 1099 2195 alienum
1142 2149 1413 2204 hominem,
1452 2155 1626 2195 ament
1663 2164 1725 2194 ex

243 2237 427 2290 animo,
461 2251 516 2281 ac
550 2252 648 2282 non
682 2239 756 2282 sui
790 2237 1037 2283 commodi
1070 2254 1217 2283 causa
1251 2237 1529 2283 simulent?
1598 2234 1726 2282 Mihi

243 2321 447 2383 quidem
495 2339 828 2386 permagnum
868 2324 1101 2379 videtur3
1160 2327 1457 2386 praesertim
1496 2327 1536 2370 si
1573 2324 1726 2370 iidem

243 2406 469 2455 homines
512 2413 764 2471 privatum
809 2428 909 2457 non
952 2410 1058 2457 fere
1103 2428 1427 2474 quemquam,
1470 2417 1727 2473 praetores

418 2504 436 2522 ‘²
468 2501 551 2544 i.e.‚
573 2500 646 2539 tbc
667 2500 856 2551 delights
878 2502 928 2541 of
945 2501 1017 2541 life
1039 2501 1125 2541 and
1149 2503 1314 2553 society
1334 2504 1379 2542 in
1401 2502 1557 2542 Rome.

250 2583 344 2625 402
