1868 3040
254 744 278 781 t:

259 2227 278 2268 1

921 206 1172 253 CICERO

303 335 468 392 Quem
496 338 534 381 si
563 339 832 381 arbitrarer
859 351 966 380 esse
994 333 1224 396 Sicyone,
1253 341 1305 379 et
1332 337 1422 379 nisi
1451 334 1694 389 audirem,
1717 334 1786 381 ibi

304 419 417 447 eum
445 405 597 448 etiam
622 418 771 456 nunc,
794 401 878 447 ubi
903 417 998 461 ego
1019 401 1216 463 reliqui,
1240 400 1454 464 Cibyrae
1477 404 1788 457 commorari,

303 469 422 514 nihil
458 476 593 515 esset
626 484 848 523 necesse,
882 468 1023 530 plura
1059 484 1140 513 me
1176 468 1240 514 ad
1274 475 1326 514 te
1362 468 1425 514 de
1461 483 1521 514 eo
1554 468 1785 514 scribere.

304 535 576 582 Perficeret
615 539 748 582 enim
787 538 894 597 ipsc
933 533 1161 596 profecto
1199 537 1298 580 suis
1337 535 1557 580 moribus
1595 551 1787 596 suaque

303 602 639 658 humanitate,
669 609 726 648 ut
754 605 861 648 sine
890 605 1184 664 cuiusquam
1214 602 1652 648 commendatione
1681 601 1788 648 dili-

302 677 508 730 ¹arci-etur
534 670 621 715 abs
647 676 700 715 te
727 686 826 715 non
850 673 1031 724 minus,
1057 685 1209 731 quam
1236 675 1289 715 et
1315 685 1343 714 a
1368 685 1449 715 me
1476 675 1529 714 et
1555 685 1583 714 a
1607 671 1788 714 ceteris

303 741 401 782 suis
450 736 791 782 familiaribus.
873 735 973 783 Sed
1020 752 1134 782 cum
1182 735 1320 781 illum
1370 736 1545 781 abesse
1593 742 1788 797 putem,

303 804 600 850 commendo
621 804 712 850 tibi
732 807 782 848 in
802 806 1042 849 maiorem
1063 803 1268 849 modum
1289 803 1493 849 domum
1514 805 1637 857 eius,
1657 817 1788 864 quae

303 878 381 917 est
431 870 662 934 Sicyone,
712 886 922 932 remque
972 869 1288 925 familiarem,
1333 872 1554 915 maxime
1605 868 1788 915 Gaium

230 959 235 962 ·
303 938 572 984 Avianium
596 937 974 991 Hammonium,
997 937 1234 983 libertum
1260 939 1384 991 eius,
1408 952 1560 998 quem
1584 936 1789 998 quidem

303 1006 395 1051 tibi
427 1008 581 1051 etiam
610 1021 700 1051 suo
730 1007 932 1050 nomine
962 1004 1275 1050 commendo.
1339 1002 1471 1049 Nam
1500 1019 1614 1049 cum
1643 1018 1790 1065 prop-

303 1079 446 1118 terea
471 1071 592 1117 mihi
619 1078 697 1118 est
721 1072 982 1134 probatus,
1008 1071 1143 1133 quod
1170 1077 1248 1117 est
1272 1073 1323 1116 in
1348 1077 1619 1133 patronum
1643 1085 1789 1116 suum

302 1139 460 1185 officio
480 1145 533 1185 et
554 1139 651 1185 fide
671 1138 927 1202 singulari,
946 1145 1056 1184 tum
1077 1141 1231 1184 etiam
1251 1140 1301 1183 in
1320 1154 1403 1184 me
1421 1140 1586 1200 ipsum
1604 1152 1792 1200 magna.

302 1206 461 1252 officia
486 1206 717 1255 contulit,
744 1204 967 1268 mihique
993 1204 1354 1251 molestissimis
1380 1204 1693 1266 temporibus
1719 1207 1792 1249 ita

303 1273 520 1319 fideliter
545 1272 893 1334 benevoleque
922 1279 1125 1334 praesto
1153 1270 1267 1326 fuit,
1296 1278 1354 1318 ut
1380 1274 1420 1317 si
1450 1288 1479 1317 a
1506 1287 1588 1317 me
1617 1287 1791 1316 manu-

303 1343 480 1386 missus
503 1347 651 1386 esset.
708 1340 890 1401 Itaque
916 1346 1037 1401 peto
1064 1356 1092 1385 a
1116 1346 1187 1393 te,
1210 1345 1265 1384 ut
1293 1355 1408 1384 eum
1430 1338 1791 1384 Hammonium

305 1414 357 1453 et
393 1410 444 1452 in
481 1410 681 1468 patroni
719 1410 824 1452 eius
862 1409 1067 1467 negotio
1105 1409 1172 1451 sic
1209 1412 1404 1460 tueare,
1443 1411 1500 1451 ut
1538 1408 1643 1450 eius
1681 1421 1792 1466 pro-

303 1481 604 1528 curatorem,
658 1490 809 1535 quem
864 1474 955 1519 tibi
1010 1472 1325 1527 commendo,
1379 1478 1432 1518 et
1483 1475 1648 1533 ipsum
1702 1487 1792 1517 suo

303 1544 504 1586 nomine
535 1541 729 1603 diligas,
759 1539 1049 1602 habeasque
1080 1543 1129 1584 in
1163 1555 1372 1585 numero
1401 1545 1618 1585 tuorum.
1689 1537 1792 1584 Ho-

302 1611 488 1654 minem
512 1608 792 1669 pudentem
815 1614 868 1654 et
887 1608 1159 1654 officiosum
1180 1622 1468 1671 cognosces,
1490 1612 1544 1652 et
1564 1605 1791 1669 dignum,

303 1678 388 1738 qui
413 1692 442 1721 a
463 1682 517 1722 te
540 1675 792 1738 diligatur.

970 1842 1122 1889 XXII

819 1988 993 2018 CICERO
1027 1987 1201 2017 SERVIO
1234 1986 1273 2018 S.

825 2101 1009 2147 Romae,
1030 2113 1161 2140 A.U.c.
1183 2101 1279 2140 708.

367 2218 422 2265 T.
458 2219 724 2272 Manlium,
754 2220 838 2279 qui
870 2220 1160 2277 negotiatur
1189 2215 1433 2277 Thespiis,
1464 2214 1794 2261 vehementer

305 2286 472 2348 diligo.
539 2286 667 2331 Nam
701 2292 752 2330 ct
783 2301 983 2345 semper
1013 2300 1093 2329 mc
1125 2283 1277 2329 coluit
1308 2283 1792 2345 diligentissimeque

370 2409 387 2426 ‘⁸
417 2402 619 2444 Situated
665 2415 724 2442 on
766 2401 840 2442 the
886 2402 998 2441 river
1045 2401 1221 2453 Asopus
1264 2402 1308 2441 in
1350 2400 1425 2440 the
1472 2399 1586 2440 N.E‚
1628 2399 1681 2439 of
1720 2397 1795 2438 the

320 2456 631 2509 Peloponnese.

373 2512 388 2535 ¹²
421 2512 472 2551 In
494 2511 689 2564 Phrygia
707 2529 718 2560 ;
755 2512 907 2554 Cicero
926 2512 1004 2553 left
1023 2512 1113 2552 him
1134 2512 1254 2553 there
1274 2512 1398 2553 when
1420 2512 1647 2564 returning
1665 2510 1796 2551 home

310 2568 425 2607 from
448 2565 613 2608 Cilicia.

316 2636 378 2681 70
