1837 3029
866 186 1115 234 CICERO

510 481 567 512 M.
602 483 647 513 T.
684 485 725 513 C.
762 483 798 513 S.
837 483 883 514 D.
921 483 965 520 Q.
1003 483 1236 515 PHILIPPO
1271 483 1467 517 Pnocos.

760 575 944 621 Romae,
965 589 1097 616 A.u.c.
1118 579 1200 617 699
1221 576 1290 627 (?).

309 667 417 714 Etsi
441 686 539 715 non
563 669 758 725 dubito,
781 687 870 732 pro
893 678 983 717 tua
1005 674 1055 716 in
1077 688 1158 718 nie
1181 672 1519 725 observantia,
1541 687 1731 733 proque

245 742 416 781 nostra
452 737 842 792 necessitudine,
879 741 998 800 quin
1035 739 1527 785 commendationem
1565 755 1730 784 meam

240 806 483 849 memoria
512 810 706 859 teneas,
735 812 909 851 tamen
940 809 1093 851 etiam
1124 812 1279 868 atque
1310 809 1464 852 etiam
1495 805 1729 852 eumdem

243 868 335 914 tibi
387 869 442 915 L.
503 870 745 932 Oppium,
792 870 1090 918 familiarem
1155 889 1344 927 meum,
1391 878 1731 934 praesentem,

244 941 298 981 et
341 935 397 982 L.
443 936 648 996 Egnati,
690 937 1058 985 familiarissimi
1100 943 1218 994 mei,
1260 940 1483 985 absentis
1525 941 1731 999 negotia

241 1005 556 1051 commendo.
609 1005 775 1052 Tanta
794 1005 914 1051 mihi
935 1023 1046 1053 cum
1071 1023 1130 1053 eo
1151 1007 1471 1053 necessitudo
1491 1013 1569 1052 est
1588 1004 1730 1052 fami-

241 1068 550 1133 liaritasque,
572 1079 645 1127 ut,
666 1076 704 1118 si
727 1090 839 1119 mea
860 1089 938 1120 res
961 1080 1112 1128 esset,
1133 1091 1232 1120 non
1252 1076 1413 1137 magis
1432 1073 1727 1119 laborarem.

241 1135 566 1200 Quapropter
598 1143 939 1201 gratissimum
975 1139 1094 1186 mihi
1131 1139 1327 1196 feceris,
1361 1143 1400 1187 si
1435 1143 1639 1195 curaris,
1673 1145 1729 1186 ut

241 1205 281 1249 is
299 1204 583 1268 intellegat,
602 1223 682 1252 me
703 1224 732 1252 a
750 1214 802 1253 te
822 1214 1023 1254 tantum
1043 1211 1216 1262 amari,
1235 1214 1483 1269 quantum
1500 1210 1607 1269 ipse
1626 1209 1728 1253 exi-

239 1273 403 1317 stimo.
468 1272 577 1319 Hoc
606 1273 727 1319 mihi
755 1278 948 1337 gratius
977 1273 1144 1321 facere
1170 1274 1290 1320 nihil
1319 1281 1481 1337 potes.
1543 1273 1728 1337 Itaque

239 1344 296 1383 ut
319 1336 489 1395 facias,
513 1346 566 1387 te
591 1339 923 1388 vehementer
944 1359 1081 1406 rogo.

888 1536 1076 1584 LXXV

473 1658 528 1691 Μ.
564 1660 609 1691 Τ.
647 1661 686 1691 C.
725 1661 761 1691 S.
801 1662 847 1692 D.
883 1661 928 1692 T.
965 1662 1100 1693 TITIO
1135 1662 1180 1692 T.
1219 1661 1262 1693 F.
1299 1661 1484 1693 LEGATO

751 1753 934 1800 Romae,
958 1768 1088 1794 mue.
1113 1757 1209 1795 701.

187 1850 202 1890 1
297 1845 405 1892 Etsi
465 1863 564 1893 non
611 1847 806 1903 dubito,
855 1852 974 1910 quin
1023 1849 1157 1910 apud
1204 1855 1257 1896 te
1307 1865 1420 1895 mea
1467 1863 1720 1895 commen-

231 1912 369 1958 datio
415 1916 575 1975 prima
621 1918 741 1961 satis
789 1915 971 1970 valcat,
1017 1923 1190 1962 tamen
1236 1916 1486 1978 obsequor
1530 1913 1716 1962 homini

230 1978 632 2036 familiarissimo,
660 1981 714 2028 C.
745 1982 957 2028 Avianio
988 1982 1180 2038 Flacco,
1208 1985 1346 2028 cuius
1375 1998 1524 2029 causa
1552 1984 1719 2028 omnia

230 2052 338 2093 tum
378 2051 541 2109 cupio,
580 2055 689 2094 tum
728 2048 1014 2095 mehercule
1055 2052 1209 2095 etiam
1248 2049 1426 2096 debeo.
1500 2047 1581 2096 De
1619 2065 1718 2111 quo

230 2120 284 2159 et
335 2130 572 2176 praesens
625 2122 795 2162 tecum
849 2119 930 2179 egi
983 2115 1271 2179 diligenter,
1323 2133 1436 2162 cum
1488 2122 1545 2163 tu
1598 2113 1717 2161 mihi

229 2178 586 2228 humanissime
626 2183 946 2245 respondisti,
987 2190 1039 2229 et
1079 2186 1248 2245 scripsi
1290 2184 1353 2230 ad
1391 2189 1445 2230 te
1485 2189 1717 2229 accurate

289 2296 308 2314 ⁰
338 2291 443 2331 This
459 2292 600 2332 Titius
618 2306 706 2332 was
723 2306 749 2332 a
768 2293 934 2345 leqatus
953 2294 1001 2334 of
1018 2294 1229 2345 Pmnpey,
1249 2293 1373 2333 when
1392 2293 1466 2333 the
1483 2292 1611 2333 latter
1627 2305 1715 2333 was

228 2345 475 2396 praefer-tus
496 2361 693 2386 annonae
714 2348 940 2396 (Minister
961 2347 1009 2387 of
1027 2348 1099 2388 the
1121 2350 1238 2387 Corn
1260 2347 1467 2398 Supply‘).

292 2398 306 2420 ¹²
340 2400 554 2439 Avianius
575 2414 664 2440 was
683 2401 947 2452 apparently
967 2415 993 2441 a
1013 2402 1281 2441 corn-factor
1302 2402 1400 2441 who
1420 2399 1508 2440 had
1528 2398 1713 2452 enjoyed

231 2452 370 2492 under
402 2453 598 2505 Pompey
628 2457 791 2494 certain
824 2455 1055 2507 privileges
1083 2469 1132 2495 as
1161 2459 1207 2495 to
1236 2455 1309 2495 the
1339 2457 1444 2495 time
1473 2453 1561 2494 and
1591 2452 1713 2505 place

229 2504 298 2544 for
322 2506 394 2546 the
418 2507 611 2558 delivcry
636 2508 684 2547 of
704 2521 824 2555 corn,
850 2509 991 2550 which
1015 2509 1248 2562 privileges
1271 2509 1424 2550 Cicero
1446 2507 1551 2548 asks
1572 2507 1713 2548 Titius

229 2562 276 2599 to
296 2560 452 2601 enable
474 2562 688 2603 Avianius
709 2567 754 2603 to
775 2565 928 2604 retain.

233 2622 321 2670 168
