1837 3029
199 643 224 681 9

181 1908 228 1946 10

871 166 1121 215 CICERO

250 303 549 356 necessario,
583 307 658 356 ut,
691 315 805 347 cum
839 298 1128 345 tabellarios
1162 299 1484 344 constituerit
1516 299 1741 352 mittere,

249 384 548 447 litterasque
571 401 599 430 a
622 385 764 430 nobis
788 386 1056 445 acceperit,
1081 381 1248 444 aliqua
1270 397 1323 427 re
1346 398 1475 428 nova
1497 378 1741 442 impedia-

250 475 350 524 tur,
375 475 429 514 et
453 470 734 514 necessario
768 470 944 523 serius,
978 483 1131 530 quam
1166 468 1518 520 constituerat,
1547 467 1741 521 mittat,

248 568 415 615 neque
444 569 532 598 nos
562 552 693 598 datis
721 555 822 598 iam
851 550 1079 613 epistulis
1108 551 1242 597 diem
1271 552 1571 597 commutari
1599 564 1740 595 cure-

249 653 374 682 mus.
442 635 624 683 Scribis
672 636 736 682 de
787 635 1015 682 Caesaris
1066 652 1262 682 summo
1312 638 1364 681 in
1414 651 1503 681 nos
1551 648 1737 679 amore.

251 719 398 766 Hunc
424 727 478 766 et
502 727 559 766 tu
585 719 778 767 fovebis
812 728 865 767 et
895 736 1002 775 nos,
1029 721 1430 782 quibuscumque
1460 720 1738 781 poterimus

248 805 414 860 rebus,
432 806 746 868 augebimus.
817 804 896 851 De
914 803 1155 867 Pompeio
1173 811 1225 850 et
1246 802 1375 849 facio
1392 802 1664 866 diligenter
1685 807 1739 847 et

247 887 428 934 faciam
455 889 591 952 quod
616 905 807 936 mones.
876 888 1027 947 Quod
1051 890 1145 935 tibi
1172 904 1287 934 mea
1312 890 1573 950 permissio
1599 902 1739 932 man-

247 975 398 1019 sionis
416 980 536 1020 tuae
555 980 703 1036 grata
723 979 818 1029 est,
835 973 888 1020 id
907 989 1020 1036 ego,
1040 990 1235 1019 summo
1255 988 1368 1018 meo
1388 971 1559 1019 dolore
1580 977 1634 1017 et
1652 970 1739 1016 de-

247 1057 447 1113 siderio,
475 1066 650 1105 tamen
680 1074 742 1103 ex
771 1064 917 1120 parte
947 1057 1162 1120 gaudeo.
1234 1057 1292 1103 In
1323 1056 1656 1119 Hippodamis
1687 1062 1740 1101 et

248 1141 497 1188 nonnullis
519 1142 626 1188 aliis
649 1142 957 1188 arcessendis
981 1142 1101 1204 quid
1124 1145 1335 1204 cogites,
1357 1159 1457 1188 non
1479 1140 1738 1203 intellego.

250 1225 411 1271 Nemo
429 1229 638 1272 istorum
657 1234 753 1281 est,
771 1230 892 1289 quin
911 1227 998 1272 abs
1018 1234 1070 1273 te
1089 1243 1289 1281 munus,
1305 1225 1446 1272 fundi
1467 1226 1741 1271 suburbani

247 1313 423 1365 instar,
454 1318 736 1373 exspectet.
803 1310 1099 1356 Trebatium
1131 1327 1248 1357 vero
1277 1327 1448 1357 meum
1479 1310 1615 1373 quod
1644 1313 1742 1355 isto

249 1395 544 1450 admisceaS,
577 1394 700 1440 nihil
734 1401 826 1441 est.
896 1395 1005 1457 Ego
1039 1395 1177 1441 illum
1212 1395 1276 1441 ad
1309 1395 1579 1441 Caesarem
1611 1396 1742 1442 misi.

249 1482 334 1541 qui
359 1479 479 1525 mihi
503 1483 602 1525 iam
627 1478 873 1526 satisfecit
897 1495 908 1535 3
950 1483 987 1525 si
1013 1483 1105 1542 ipsi
1131 1482 1309 1535 minus,
1335 1486 1596 1542 praestare
1621 1477 1743 1523 nihil

250 1563 432 1619 debeo,
469 1571 625 1627 teque
662 1568 787 1610 item
826 1565 890 1610 ab
929 1581 988 1610 eo
1027 1564 1222 1610 vindico
1262 1571 1314 1611 et
1350 1563 1524 1610 libero.
1594 1562 1743 1621 Quod

250 1649 422 1695 scribis
446 1656 499 1695 te
526 1665 554 1694 a
579 1648 795 1694 Caesare
821 1649 1048 1711 quotidie
1073 1648 1184 1710 plus
1209 1649 1366 1711 diligi,
1389 1647 1744 1694 immortaliter

251 1733 466 1795 gaudeo.
535 1733 747 1779 Balbum
771 1750 906 1788 vero,
928 1736 1012 1796 qui
1037 1740 1113 1778 est
1135 1736 1278 1778 istius
1300 1737 1371 1779 rei
1395 1732 1744 1796 (quemadmo-

252 1817 372 1863 ‹lum
390 1818 582 1880 scribis)
602 1818 818 1872 adiutor,
835 1821 885 1863 in
904 1817 1057 1864 oculis
1075 1816 1197 1863 fero.
1246 1817 1554 1863 Trebonium
1571 1832 1743 1862 meum

253 1918 281 1947 a
307 1908 360 1947 te
389 1905 563 1957 amari,
590 1908 746 1964 teque
775 1903 838 1948 ab
865 1901 966 1957 illo,
993 1901 1300 1963 pergaudeo.
1371 1901 1451 1947 De
1479 1902 1744 1947 tribunatu

253 1986 388 2048 quod
423 1987 613 2041 scribis,
648 2002 744 2048 ego
780 2002 898 2032 vero
933 1989 1231 2032 nominatim
1267 1988 1425 2048 petivi
1461 1984 1654 2041 Curtio,
1691 1992 1745 2033 et

255 2070 374 2116 mihi
416 2074 524 2134 ipse
567 2070 753 2117 Caesar
794 2074 1093 2117 nominatim
1137 2070 1312 2116 Curtio
1355 2078 1589 2133 paratum
1634 2086 1743 2118 esse

368 2222 540 2277 Oppius
561 2221 649 2262 and
674 2221 838 2262 Balbus
860 2235 971 2262 were
993 2221 1025 2262 C
1030 2221 1191 2261 aesar's
1213 2225 1367 2273 agents
1388 2225 1434 2262 at
1457 2221 1609 2262 Rome.

373 2277 441 2327 Qf.
466 2281 484 2322 ξ
506 2279 553 2316 91
582 2276 631 2315 of
648 2276 733 2316 this
756 2275 891 2316 letter.

367 2330 449 2369 For
483 2330 531 2370 C.
566 2330 797 2370 Trebatius
830 2329 975 2376 Testa,
1010 2329 1083 2369 the
1122 2328 1297 2380 lawyer,
1333 2342 1403 2369 see
1439 2329 1560 2370 Fam.
1595 2330 1667 2370 vii.
1704 2332 1743 2376 6,

258 2388 448 2477 nogegee
470 2442 569 2476 note
589 2451 613 2475 (ι
637 2451 691 2476 on
717 2438 838 2477 Fam.
859 2451 899 2477 x.
921 2439 990 2478 ⁶28.

320 2498 334 2515 ²
371 2491 439 2542 (θ’.
465 2491 570 2540 QF.
595 2493 635 2531 ii.
665 2496 754 2531 Ιῦα.
777 2495 817 2532 Ω.

263 2556 357 2602 556

316 2227 333 2246 a

320 2276 335 2300 b

317 2334 331 2353 e
