<?xml version="1.0" encoding="UTF-8"?>
<!DOCTYPE html PUBLIC "-//W3C//DTD XHTML 1.0 Transitional//EN"
    "http://www.w3.org/TR/xhtml1/DTD/xhtml1-transitional.dtd">
<html xmlns="http://www.w3.org/1999/xhtml" xml:lang="en" lang="en">
 <head>
  <title>
</title>
<meta http-equiv="Content-Type" content="text/html;charset=utf-8" />
  <meta name='ocr-system' content='tesseract 3.04.00' />
  <meta name='ocr-capabilities' content='ocr_page ocr_carea ocr_par ocr_line ocrx_word'/>
</head>
<body>
  <div class='ocr_page' id='page_1' title='image "./letterstohisfrie03ciceuoft_0340.png"; bbox 0 0 1837 3029; ppageno 0'>
   <div class='ocr_carea' id='block_1_1' title="bbox 820 169 1070 217">
    <p class='ocr_par' dir='ltr' id='par_1_1' title="bbox 820 169 1070 217">
     <span class='ocr_line' id='line_1_1' title="bbox 820 169 1070 217; baseline -0.008 0"><span class='ocrx_word' id='word_1_1' title='bbox 820 169 1070 217; x_wconf 88' lang='lat' dir='ltr'><strong>CICERO</strong></span> 
     </span>
    </p>
   </div>
   <div class='ocr_carea' id='block_1_2' title="bbox 897 340 994 387">
    <p class='ocr_par' dir='ltr' id='par_1_2' title="bbox 897 340 994 387">
     <span class='ocr_line' id='line_1_2' title="bbox 897 340 994 387; baseline 0 0"><span class='ocrx_word' id='word_1_2' title='bbox 897 340 994 387; x_wconf 88' lang='lat' dir='ltr'>XX</span> 
     </span>
    </p>
   </div>
   <div class='ocr_carea' id='block_1_3' title="bbox 542 485 1358 518">
    <p class='ocr_par' dir='ltr' id='par_1_3' title="bbox 542 485 1358 518">
     <span class='ocr_line' id='line_1_3' title="bbox 542 485 1358 518; baseline -0.004 0"><span class='ocrx_word' id='word_1_3' title='bbox 542 486 598 518; x_wconf 81' lang='lat' dir='ltr'>M.</span> <span class='ocrx_word' id='word_1_4' title='bbox 634 488 679 518; x_wconf 90' lang='lat' dir='ltr'>T.</span> <span class='ocrx_word' id='word_1_5' title='bbox 716 488 757 517; x_wconf 84' lang='lat' dir='ltr'>C.</span> <span class='ocrx_word' id='word_1_6' title='bbox 794 487 831 517; x_wconf 85' lang='lat' dir='ltr'>S.</span> <span class='ocrx_word' id='word_1_7' title='bbox 870 487 912 517; x_wconf 89' lang='lat' dir='ltr'>P.</span> <span class='ocrx_word' id='word_1_8' title='bbox 951 486 997 517; x_wconf 92' lang='lat' dir='ltr'>D.</span> <span class='ocrx_word' id='word_1_9' title='bbox 1035 487 1077 517; x_wconf 89' lang='lat' dir='ltr'>C.</span> <span class='ocrx_word' id='word_1_10' title='bbox 1109 485 1358 516; x_wconf 79' lang='lat' dir='ltr'>TREBONIO</span> 
     </span>
    </p>
   </div>
   <div class='ocr_carea' id='block_1_4' title="bbox 727 600 1182 647">
    <p class='ocr_par' dir='ltr' id='par_1_4' title="bbox 727 600 1182 647">
     <span class='ocr_line' id='line_1_4' title="bbox 727 600 1182 647; baseline -0.002 -7"><span class='ocrx_word' id='word_1_11' title='bbox 727 600 910 647; x_wconf 83' lang='lat' dir='ltr'>Romae,</span> <span class='ocrx_word' id='word_1_12' title='bbox 931 614 1064 641; x_wconf 53' lang='lat' dir='ltr'>tuuc.</span> <span class='ocrx_word' id='word_1_13' title='bbox 1085 602 1182 640; x_wconf 77' lang='lat'><strong>709.</strong></span> 
     </span>
    </p>
   </div>
   <div class='ocr_carea' id='block_1_5' title="bbox 158 703 1701 1907">
    <p class='ocr_par' dir='ltr' id='par_1_5' title="bbox 159 703 1696 1036">
     <span class='ocr_line' id='line_1_5' title="bbox 159 703 1691 768; baseline -0.005 -12"><span class='ocrx_word' id='word_1_14' title='bbox 159 716 177 756; x_wconf 92' lang='lat'>1</span> <span class='ocrx_word' id='word_1_15' title='bbox 269 706 509 753; x_wconf 72' lang='lat' dir='ltr'><strong><em>Oratorem</em></strong></span> <span class='ocrx_word' id='word_1_16' title='bbox 551 723 722 752; x_wconf 83' lang='lat' dir='ltr'>meum</span> <span class='ocrx_word' id='word_1_17' title='bbox 770 706 860 768; x_wconf 89' lang='lat' dir='ltr'>(sic</span> <span class='ocrx_word' id='word_1_18' title='bbox 908 708 1041 751; x_wconf 90' lang='lat' dir='ltr'>enim</span> <span class='ocrx_word' id='word_1_19' title='bbox 1088 705 1333 767; x_wconf 81' lang='lat' dir='ltr'>inscripsi)</span> <span class='ocrx_word' id='word_1_20' title='bbox 1373 703 1558 751; x_wconf 88' lang='lat' dir='ltr'>Sabino</span> <span class='ocrx_word' id='word_1_21' title='bbox 1603 709 1691 748; x_wconf 85' lang='lat' dir='ltr'>tuo</span> 
     </span>
     <span class='ocr_line' id='line_1_6' title="bbox 206 771 1692 833; baseline -0.003 -14"><span class='ocrx_word' id='word_1_22' title='bbox 206 773 570 820; x_wconf 83' lang='lat' dir='ltr'>commendavi.</span> <span class='ocrx_word' id='word_1_23' title='bbox 631 773 783 819; x_wconf 88' lang='lat' dir='ltr'>Natio</span> <span class='ocrx_word' id='word_1_24' title='bbox 809 789 890 818; x_wconf 90' lang='lat' dir='ltr'>me</span> <span class='ocrx_word' id='word_1_25' title='bbox 918 771 1130 818; x_wconf 85' lang='lat' dir='ltr'>hominis</span> <span class='ocrx_word' id='word_1_26' title='bbox 1156 771 1374 833; x_wconf 82' lang='lat' dir='ltr'>impulit,</span> <span class='ocrx_word' id='word_1_27' title='bbox 1400 778 1458 818; x_wconf 87' lang='lat' dir='ltr'>ut</span> <span class='ocrx_word' id='word_1_28' title='bbox 1484 774 1529 817; x_wconf 89' lang='lat' dir='ltr'>ei</span> <span class='ocrx_word' id='word_1_29' title='bbox 1555 776 1692 816; x_wconf 89' lang='lat' dir='ltr'>recte</span> 
     </span>
     <span class='ocr_line' id='line_1_7' title="bbox 208 837 1694 902; baseline -0.003 -16"><span class='ocrx_word' id='word_1_30' title='bbox 208 847 439 902; x_wconf 87' lang='lat' dir='ltr'>putarem</span> <span class='ocrx_word' id='word_1_31' title='bbox 466 855 477 895; x_wconf 90' lang='lat'>;</span> <span class='ocrx_word' id='word_1_32' title='bbox 511 842 602 886; x_wconf 88' lang='lat' dir='ltr'>nisi</span> <span class='ocrx_word' id='word_1_33' title='bbox 619 838 768 894; x_wconf 84' lang='lat' dir='ltr'>forte,</span> <span class='ocrx_word' id='word_1_34' title='bbox 783 840 1165 886; x_wconf 89' lang='lat' dir='ltr'>candidatorum</span> <span class='ocrx_word' id='word_1_35' title='bbox 1179 838 1383 885; x_wconf 89' lang='lat' dir='ltr'>licentia</span> <span class='ocrx_word' id='word_1_36' title='bbox 1398 837 1477 884; x_wconf 88' lang='lat' dir='ltr'>hic</span> <span class='ocrx_word' id='word_1_37' title='bbox 1492 851 1694 900; x_wconf 88' lang='lat' dir='ltr'>quoque</span> 
     </span>
     <span class='ocr_line' id='line_1_8' title="bbox 208 905 1694 970; baseline -0.003 -17"><span class='ocrx_word' id='word_1_38' title='bbox 208 924 343 963; x_wconf 86' lang='lat' dir='ltr'>usus,</span> <span class='ocrx_word' id='word_1_39' title='bbox 377 906 471 953; x_wconf 91' lang='lat' dir='ltr'>hoc</span> <span class='ocrx_word' id='word_1_40' title='bbox 506 908 673 954; x_wconf 91' lang='lat' dir='ltr'>subito</span> <span class='ocrx_word' id='word_1_41' title='bbox 708 923 989 970; x_wconf 84' lang='lat' dir='ltr'>cognomen</span> <span class='ocrx_word' id='word_1_42' title='bbox 1026 909 1270 968; x_wconf 79' lang='lat' dir='ltr'>arripuit3</span> <span class='ocrx_word' id='word_1_43' title='bbox 1305 908 1399 952; x_wconf 83' lang='lat' dir='ltr'>etsi</span> <span class='ocrx_word' id='word_1_44' title='bbox 1435 905 1694 951; x_wconf 82' lang='lat' dir='ltr'>modestus</span> 
     </span>
     <span class='ocr_line' id='line_1_9' title="bbox 209 972 1696 1036; baseline -0.003 -16"><span class='ocrx_word' id='word_1_45' title='bbox 209 977 315 1020; x_wconf 91' lang='lat' dir='ltr'>eius</span> <span class='ocrx_word' id='word_1_46' title='bbox 358 973 525 1020; x_wconf 82' lang='lat' dir='ltr'>vultus</span> <span class='ocrx_word' id='word_1_47' title='bbox 566 990 832 1036; x_wconf 82' lang='lat' dir='ltr'>sermoque</span> <span class='ocrx_word' id='word_1_48' title='bbox 875 980 1110 1020; x_wconf 78' lang='lat' dir='ltr'>constans</span> <span class='ocrx_word' id='word_1_49' title='bbox 1152 972 1339 1019; x_wconf 88' lang='lat' dir='ltr'>habere</span> <span class='ocrx_word' id='word_1_50' title='bbox 1382 972 1623 1035; x_wconf 86' lang='lat' dir='ltr'>quiddam</span> <span class='ocrx_word' id='word_1_51' title='bbox 1665 985 1696 1016; x_wconf 83' lang='lat' dir='ltr'>a</span> 
     </span>
    </p>

    <p class='ocr_par' dir='ltr' id='par_1_6' title="bbox 158 1038 1700 1773">
     <span class='ocr_line' id='line_1_10' title="bbox 158 1038 1694 1089; baseline -0.005 0"><span class='ocrx_word' id='word_1_52' title='bbox 158 1051 181 1089; x_wconf 87' lang='grc'>2</span> <span class='ocrx_word' id='word_1_53' title='bbox 208 1041 420 1088; x_wconf 77' lang='lat' dir='ltr'>Curibus</span> <span class='ocrx_word' id='word_1_54' title='bbox 460 1041 742 1088; x_wconf 86' lang='lat' dir='ltr'>videbatur.</span> <span class='ocrx_word' id='word_1_55' title='bbox 816 1040 917 1088; x_wconf 90' lang='lat' dir='ltr'>Sed</span> <span class='ocrx_word' id='word_1_56' title='bbox 957 1041 1020 1087; x_wconf 90' lang='lat' dir='ltr'>de</span> <span class='ocrx_word' id='word_1_57' title='bbox 1061 1040 1245 1086; x_wconf 88' lang='lat' dir='ltr'>Sabino</span> <span class='ocrx_word' id='word_1_58' title='bbox 1285 1041 1421 1085; x_wconf 89' lang='lat' dir='ltr'>satis.</span> <span class='ocrx_word' id='word_1_59' title='bbox 1494 1038 1588 1089; x_wconf 89' lang='lat' dir='ltr'>Tu,</span> <span class='ocrx_word' id='word_1_60' title='bbox 1626 1039 1694 1082; x_wconf 89' lang='lat' dir='ltr'>mi</span> 
     </span>
     <span class='ocr_line' id='line_1_11' title="bbox 209 1103 1695 1170; baseline -0.003 -16"><span class='ocrx_word' id='word_1_61' title='bbox 209 1108 444 1162; x_wconf 88' lang='lat' dir='ltr'>Treboni,</span> <span class='ocrx_word' id='word_1_62' title='bbox 474 1108 675 1170; x_wconf 88' lang='lat' dir='ltr'>quando</span> <span class='ocrx_word' id='word_1_63' title='bbox 706 1108 769 1154; x_wconf 92' lang='lat' dir='ltr'>ad</span> <span class='ocrx_word' id='word_1_64' title='bbox 793 1124 1015 1154; x_wconf 85' lang='lat' dir='ltr'>amorem</span> <span class='ocrx_word' id='word_1_65' title='bbox 1038 1124 1208 1153; x_wconf 89' lang='lat' dir='ltr'>meum</span> <span class='ocrx_word' id='word_1_66' title='bbox 1234 1105 1548 1169; x_wconf 87' lang='lat' dir='ltr'>aliquantum</span> <span class='ocrx_word' id='word_1_67' title='bbox 1576 1103 1695 1150; x_wconf 87' lang='lat' dir='ltr'>olei¹</span> 
     </span>
     <span class='ocr_line' id='line_1_12' title="bbox 212 1172 1697 1236; baseline -0.003 -15"><span class='ocrx_word' id='word_1_68' title='bbox 212 1175 474 1221; x_wconf 78' lang='lat' dir='ltr'>discedens</span> <span class='ocrx_word' id='word_1_69' title='bbox 499 1175 754 1230; x_wconf 76' lang='lat' dir='ltr'>addidisti,</span> <span class='ocrx_word' id='word_1_70' title='bbox 791 1192 890 1236; x_wconf 90' lang='lat' dir='ltr'>quo</span> <span class='ocrx_word' id='word_1_71' title='bbox 926 1174 1234 1221; x_wconf 79' lang='lat' dir='ltr'>tolerabilius</span> <span class='ocrx_word' id='word_1_72' title='bbox 1266 1172 1486 1220; x_wconf 85' lang='lat' dir='ltr'>seramus</span> <span class='ocrx_word' id='word_1_73' title='bbox 1508 1174 1697 1233; x_wconf 74' lang='lat' dir='ltr'>ignicu-</span> 
     </span>
     <span class='ocr_line' id='line_1_13' title="bbox 211 1239 1696 1302; baseline -0.003 -15"><span class='ocrx_word' id='word_1_74' title='bbox 211 1241 314 1288; x_wconf 90' lang='lat' dir='ltr'>lum</span> <span class='ocrx_word' id='word_1_75' title='bbox 339 1242 555 1289; x_wconf 80' lang='lat' dir='ltr'>desideri</span> <span class='ocrx_word' id='word_1_76' title='bbox 577 1244 670 1296; x_wconf 87' lang='lat' dir='ltr'>tui,</span> <span class='ocrx_word' id='word_1_77' title='bbox 693 1242 878 1288; x_wconf 90' lang='lat' dir='ltr'>crebris</span> <span class='ocrx_word' id='word_1_78' title='bbox 902 1259 990 1288; x_wconf 92' lang='lat' dir='ltr'>nos</span> <span class='ocrx_word' id='word_1_79' title='bbox 1013 1241 1195 1288; x_wconf 88' lang='lat' dir='ltr'>litteris</span> <span class='ocrx_word' id='word_1_80' title='bbox 1218 1239 1472 1302; x_wconf 86' lang='lat' dir='ltr'>appellato</span> <span class='ocrx_word' id='word_1_81' title='bbox 1496 1254 1508 1294; x_wconf 89' lang='lat'>;</span> <span class='ocrx_word' id='word_1_82' title='bbox 1541 1245 1696 1300; x_wconf 85' lang='lat' dir='ltr'>atque</span> 
     </span>
     <span class='ocr_line' id='line_1_14' title="bbox 211 1308 1697 1370; baseline -0.003 -15"><span class='ocrx_word' id='word_1_83' title='bbox 211 1311 302 1364; x_wconf 85' lang='lat' dir='ltr'>ita,</span> <span class='ocrx_word' id='word_1_84' title='bbox 336 1312 376 1355; x_wconf 86' lang='lat' dir='ltr'>si</span> <span class='ocrx_word' id='word_1_85' title='bbox 411 1310 546 1355; x_wconf 90' lang='lat' dir='ltr'>idem</span> <span class='ocrx_word' id='word_1_86' title='bbox 581 1309 671 1355; x_wconf 85' lang='lat' dir='ltr'>fiet</span> <span class='ocrx_word' id='word_1_87' title='bbox 706 1325 735 1354; x_wconf 89' lang='lat' dir='ltr'>a</span> <span class='ocrx_word' id='word_1_88' title='bbox 769 1310 926 1355; x_wconf 92' lang='lat' dir='ltr'>nobis.</span> <span class='ocrx_word' id='word_1_89' title='bbox 996 1308 1318 1370; x_wconf 82' lang='lat' dir='ltr'>Quamquam</span> <span class='ocrx_word' id='word_1_90' title='bbox 1352 1308 1483 1354; x_wconf 82' lang='lat' dir='ltr'>duae</span> <span class='ocrx_word' id='word_1_91' title='bbox 1517 1320 1697 1351; x_wconf 84' lang='lat' dir='ltr'>causae</span> 
     </span>
     <span class='ocr_line' id='line_1_15' title="bbox 212 1373 1698 1438; baseline -0.003 -16"><span class='ocrx_word' id='word_1_92' title='bbox 212 1382 347 1431; x_wconf 88' lang='lat' dir='ltr'>sunt,</span> <span class='ocrx_word' id='word_1_93' title='bbox 382 1392 468 1422; x_wconf 89' lang='lat' dir='ltr'>cur</span> <span class='ocrx_word' id='word_1_94' title='bbox 503 1383 560 1422; x_wconf 90' lang='lat' dir='ltr'>tu</span> <span class='ocrx_word' id='word_1_95' title='bbox 594 1374 908 1438; x_wconf 77' lang='lat' dir='ltr'>frequentior</span> <span class='ocrx_word' id='word_1_96' title='bbox 942 1378 991 1420; x_wconf 93' lang='lat' dir='ltr'>in</span> <span class='ocrx_word' id='word_1_97' title='bbox 1026 1379 1122 1421; x_wconf 85' lang='lat' dir='ltr'>isto</span> <span class='ocrx_word' id='word_1_98' title='bbox 1157 1375 1315 1421; x_wconf 89' lang='lat' dir='ltr'>officio</span> <span class='ocrx_word' id='word_1_99' title='bbox 1350 1390 1458 1420; x_wconf 91' lang='lat' dir='ltr'>esse</span> <span class='ocrx_word' id='word_1_100' title='bbox 1493 1373 1698 1426; x_wconf 83' lang='lat' dir='ltr'>debeas,</span> 
     </span>
     <span class='ocr_line' id='line_1_16' title="bbox 213 1439 1698 1505; baseline -0.003 -16"><span class='ocrx_word' id='word_1_101' title='bbox 213 1460 365 1505; x_wconf 87' lang='lat' dir='ltr'>quam</span> <span class='ocrx_word' id='word_1_102' title='bbox 393 1460 482 1489; x_wconf 87' lang='lat' dir='ltr'>nos</span> <span class='ocrx_word' id='word_1_103' title='bbox 506 1458 517 1497; x_wconf 89' lang='lat'>;</span> <span class='ocrx_word' id='word_1_104' title='bbox 551 1445 787 1505; x_wconf 88' lang='lat' dir='ltr'>primum,</span> <span class='ocrx_word' id='word_1_105' title='bbox 814 1443 949 1505; x_wconf 89' lang='lat' dir='ltr'>quod</span> <span class='ocrx_word' id='word_1_106' title='bbox 976 1441 1093 1488; x_wconf 90' lang='lat' dir='ltr'>olim</span> <span class='ocrx_word' id='word_1_107' title='bbox 1121 1441 1370 1496; x_wconf 85' lang='lat' dir='ltr'>solebant,</span> <span class='ocrx_word' id='word_1_108' title='bbox 1396 1443 1481 1503; x_wconf 91' lang='lat' dir='ltr'>qui</span> <span class='ocrx_word' id='word_1_109' title='bbox 1510 1439 1698 1486; x_wconf 86' lang='lat' dir='ltr'>Romae</span> 
     </span>
     <span class='ocr_line' id='line_1_17' title="bbox 214 1507 1699 1572; baseline -0.003 -16"><span class='ocrx_word' id='word_1_110' title='bbox 214 1517 377 1565; x_wconf 85' lang='lat' dir='ltr'>erant,</span> <span class='ocrx_word' id='word_1_111' title='bbox 408 1510 471 1557; x_wconf 88' lang='lat' dir='ltr'>ad</span> <span class='ocrx_word' id='word_1_112' title='bbox 500 1509 827 1572; x_wconf 85' lang='lat' dir='ltr'>provinciales</span> <span class='ocrx_word' id='word_1_113' title='bbox 858 1512 1042 1556; x_wconf 88' lang='lat' dir='ltr'>amicos</span> <span class='ocrx_word' id='word_1_114' title='bbox 1071 1510 1135 1556; x_wconf 90' lang='lat' dir='ltr'>de</span> <span class='ocrx_word' id='word_1_115' title='bbox 1163 1507 1421 1571; x_wconf 87' lang='lat' dir='ltr'>republica</span> <span class='ocrx_word' id='word_1_116' title='bbox 1449 1507 1699 1560; x_wconf 84' lang='lat' dir='ltr'>scribere3</span> 
     </span>
     <span class='ocr_line' id='line_1_18' title="bbox 213 1573 1700 1639; baseline -0.003 -16"><span class='ocrx_word' id='word_1_117' title='bbox 213 1594 345 1623; x_wconf 90' lang='lat' dir='ltr'>nunc</span> <span class='ocrx_word' id='word_1_118' title='bbox 368 1584 424 1623; x_wconf 92' lang='lat' dir='ltr'>tu</span> <span class='ocrx_word' id='word_1_119' title='bbox 447 1578 588 1623; x_wconf 90' lang='lat' dir='ltr'>nobis</span> <span class='ocrx_word' id='word_1_120' title='bbox 611 1578 796 1623; x_wconf 87' lang='lat' dir='ltr'>scribas</span> <span class='ocrx_word' id='word_1_121' title='bbox 818 1584 1036 1639; x_wconf 78' lang='lat' dir='ltr'>oportet.</span> <span class='ocrx_word' id='word_1_122' title='bbox 1093 1576 1192 1622; x_wconf 86' lang='lat' dir='ltr'>Res</span> <span class='ocrx_word' id='word_1_123' title='bbox 1215 1579 1349 1622; x_wconf 91' lang='lat' dir='ltr'>enim</span> <span class='ocrx_word' id='word_1_124' title='bbox 1370 1573 1569 1637; x_wconf 86' lang='lat' dir='ltr'>publica</span> <span class='ocrx_word' id='word_1_125' title='bbox 1589 1575 1700 1619; x_wconf 89' lang='lat' dir='ltr'>istic</span> 
     </span>
     <span class='ocr_line' id='line_1_19' title="bbox 215 1642 1700 1707; baseline -0.003 -17"><span class='ocrx_word' id='word_1_126' title='bbox 215 1651 307 1690; x_wconf 90' lang='lat' dir='ltr'>est.</span> <span class='ocrx_word' id='word_1_127' title='bbox 371 1644 589 1699; x_wconf 88' lang='lat' dir='ltr'>Deinde,</span> <span class='ocrx_word' id='word_1_128' title='bbox 615 1644 750 1707; x_wconf 92' lang='lat' dir='ltr'>quod</span> <span class='ocrx_word' id='word_1_129' title='bbox 776 1661 864 1690; x_wconf 92' lang='lat' dir='ltr'>nos</span> <span class='ocrx_word' id='word_1_130' title='bbox 892 1643 997 1690; x_wconf 89' lang='lat' dir='ltr'>aliis</span> <span class='ocrx_word' id='word_1_131' title='bbox 1022 1644 1191 1689; x_wconf 87' lang='lat' dir='ltr'>officiis</span> <span class='ocrx_word' id='word_1_132' title='bbox 1216 1644 1310 1689; x_wconf 93' lang='lat' dir='ltr'>tibi</span> <span class='ocrx_word' id='word_1_133' title='bbox 1336 1643 1534 1689; x_wconf 89' lang='lat' dir='ltr'>absenti</span> <span class='ocrx_word' id='word_1_134' title='bbox 1558 1642 1700 1687; x_wconf 83' lang='lat' dir='ltr'>satis-</span> 
     </span>
     <span class='ocr_line' id='line_1_20' title="bbox 213 1707 1700 1773; baseline -0.003 -17"><span class='ocrx_word' id='word_1_135' title='bbox 213 1710 380 1757; x_wconf 84' lang='lat' dir='ltr'>facere</span> <span class='ocrx_word' id='word_1_136' title='bbox 419 1728 700 1773; x_wconf 88' lang='lat' dir='ltr'>possumus,</span> <span class='ocrx_word' id='word_1_137' title='bbox 738 1718 796 1758; x_wconf 84' lang='lat' dir='ltr'>tu</span> <span class='ocrx_word' id='word_1_138' title='bbox 833 1712 994 1765; x_wconf 88' lang='lat' dir='ltr'>nobis,</span> <span class='ocrx_word' id='word_1_139' title='bbox 1032 1714 1124 1756; x_wconf 88' lang='lat' dir='ltr'>nisi</span> <span class='ocrx_word' id='word_1_140' title='bbox 1162 1710 1363 1764; x_wconf 89' lang='lat' dir='ltr'>litteris,</span> <span class='ocrx_word' id='word_1_141' title='bbox 1399 1725 1500 1755; x_wconf 92' lang='lat' dir='ltr'>non</span> <span class='ocrx_word' id='word_1_142' title='bbox 1538 1707 1700 1760; x_wconf 92' lang='lat' dir='ltr'>video,</span> 
     </span>
    </p>

    <p class='ocr_par' dir='ltr' id='par_1_7' title="bbox 165 1773 1701 1907">
     <span class='ocr_line' id='line_1_21' title="bbox 165 1773 1701 1840; baseline -0.003 -16"><span class='ocrx_word' id='word_1_143' title='bbox 165 1783 190 1824; x_wconf 90' lang='grc'><strong>3</strong></span> <span class='ocrx_word' id='word_1_144' title='bbox 215 1795 313 1840; x_wconf 90' lang='lat' dir='ltr'>qua</span> <span class='ocrx_word' id='word_1_145' title='bbox 342 1795 396 1824; x_wconf 92' lang='lat' dir='ltr'>re</span> <span class='ocrx_word' id='word_1_146' title='bbox 425 1778 520 1824; x_wconf 91' lang='lat' dir='ltr'>alia</span> <span class='ocrx_word' id='word_1_147' title='bbox 548 1777 838 1824; x_wconf 89' lang='lat' dir='ltr'>satisfacere</span> <span class='ocrx_word' id='word_1_148' title='bbox 866 1781 1039 1840; x_wconf 81' lang='lat' dir='ltr'>possis.</span> <span class='ocrx_word' id='word_1_149' title='bbox 1101 1777 1200 1824; x_wconf 87' lang='lat' dir='ltr'>Sed</span> <span class='ocrx_word' id='word_1_150' title='bbox 1227 1784 1399 1824; x_wconf 87' lang='lat' dir='ltr'>cetera</span> <span class='ocrx_word' id='word_1_151' title='bbox 1425 1775 1610 1822; x_wconf 90' lang='lat' dir='ltr'>scribes</span> <span class='ocrx_word' id='word_1_152' title='bbox 1637 1773 1701 1820; x_wconf 87' lang='lat' dir='ltr'>ad</span> 
     </span>
     <span class='ocr_line' id='line_1_22' title="bbox 215 1844 1701 1907; baseline -0.003 -16"><span class='ocrx_word' id='word_1_153' title='bbox 215 1862 303 1892; x_wconf 89' lang='lat' dir='ltr'>nos</span> <span class='ocrx_word' id='word_1_154' title='bbox 329 1852 522 1907; x_wconf 86' lang='lat' dir='ltr'>postea.</span> <span class='ocrx_word' id='word_1_155' title='bbox 584 1845 728 1891; x_wconf 90' lang='lat' dir='ltr'>Nunc</span> <span class='ocrx_word' id='word_1_156' title='bbox 754 1844 879 1891; x_wconf 87' lang='lat' dir='ltr'>haec</span> <span class='ocrx_word' id='word_1_157' title='bbox 904 1848 1064 1907; x_wconf 88' lang='lat' dir='ltr'>primo</span> <span class='ocrx_word' id='word_1_158' title='bbox 1090 1848 1236 1907; x_wconf 90' lang='lat' dir='ltr'>cupio</span> <span class='ocrx_word' id='word_1_159' title='bbox 1261 1858 1581 1907; x_wconf 87' lang='lat' dir='ltr'>cognoscere,</span> <span class='ocrx_word' id='word_1_160' title='bbox 1603 1844 1701 1887; x_wconf 89' lang='lat' dir='ltr'>iter</span> 
     </span>
    </p>
   </div>
   <div class='ocr_carea' id='block_1_6' title="bbox 580 1952 1333 1994">
    <p class='ocr_par' dir='ltr' id='par_1_8' title="bbox 580 1952 1333 1994">
     <span class='ocr_line' id='line_1_23' title="bbox 580 1952 1333 1994; baseline -0.001 0"><span class='ocrx_word' id='word_1_161' title='bbox 580 1953 594 1977; x_wconf 89' lang='lat'>¹</span> <span class='ocrx_word' id='word_1_162' title='bbox 625 1954 799 1994; x_wconf 70' lang='lat' dir='ltr'>Krauss</span> <span class='ocrx_word' id='word_1_163' title='bbox 820 1955 910 1994; x_wconf 84' lang='lat' dir='ltr'>and</span> <span class='ocrx_word' id='word_1_164' title='bbox 932 1953 1075 1994; x_wconf 76' lang='lat' dir='ltr'>Koch:</span> <span class='ocrx_word' id='word_1_165' title='bbox 1108 1952 1210 1993; x_wconf 93' lang='lat' dir='ltr'>olim</span> <span class='ocrx_word' id='word_1_166' title='bbox 1235 1964 1333 1993; x_wconf 75' lang='lat' dir='ltr'><strong><em>MSS.</em></strong></span> 
     </span>
    </p>
   </div>
   <div class='ocr_carea' id='block_1_7' title="bbox 1480 2040 1694 2047">
    <p class='ocr_par' dir='ltr' id='par_1_9' title="bbox 1480 2040 1694 2047">
     <span class='ocr_line' id='line_1_24' title="bbox 1480 2040 1694 2047; baseline 0 982"><span class='ocrx_word' id='word_1_167' title='bbox 1480 2040 1694 2047; x_wconf 95' lang='lat' dir='ltr'> </span> 
     </span>
    </p>
   </div>
   <div class='ocr_carea' id='block_1_8' title="bbox 221 2092 1703 2576">
    <p class='ocr_par' dir='ltr' id='par_1_10' title="bbox 222 2092 1702 2253">
     <span class='ocr_line' id='line_1_25' title="bbox 277 2092 1700 2145; baseline -0.001 -11"><span class='ocrx_word' id='word_1_168' title='bbox 277 2099 295 2118; x_wconf 79' lang='lat'><em>⁰</em></span> <span class='ocrx_word' id='word_1_169' title='bbox 327 2093 374 2134; x_wconf 85' lang='lat' dir='ltr'>C.</span> <span class='ocrx_word' id='word_1_170' title='bbox 416 2093 673 2140; x_wconf 80' lang='lat' dir='ltr'>Trebonius,</span> <span class='ocrx_word' id='word_1_171' title='bbox 716 2093 813 2132; x_wconf 76' lang='lat' dir='ltr'>who</span> <span class='ocrx_word' id='word_1_172' title='bbox 844 2095 887 2133; x_wconf 93' lang='lat' dir='ltr'>in</span> <span class='ocrx_word' id='word_1_173' title='bbox 919 2096 972 2133; x_wconf 83' lang='lat'>55</span> <span class='ocrx_word' id='word_1_174' title='bbox 1012 2092 1227 2144; x_wconf 74' lang='lat' dir='ltr'>proposed</span> <span class='ocrx_word' id='word_1_175' title='bbox 1258 2092 1331 2133; x_wconf 86' lang='lat' dir='ltr'>the</span> <span class='ocrx_word' id='word_1_176' title='bbox 1366 2092 1446 2132; x_wconf 81' lang='lat' dir='ltr'>law</span> <span class='ocrx_word' id='word_1_177' title='bbox 1476 2094 1628 2145; x_wconf 76' lang='lat' dir='ltr'>giving</span> <span class='ocrx_word' id='word_1_178' title='bbox 1657 2096 1700 2132; x_wconf 85' lang='lat' dir='ltr'>to</span> 
     </span>
     <span class='ocr_line' id='line_1_26' title="bbox 224 2145 1702 2200; baseline -0.002 -12"><span class='ocrx_word' id='word_1_179' title='bbox 224 2147 420 2200; x_wconf 86' lang='lat' dir='ltr'>Pompey</span> <span class='ocrx_word' id='word_1_180' title='bbox 442 2147 514 2187; x_wconf 82' lang='lat' dir='ltr'>the</span> <span class='ocrx_word' id='word_1_181' title='bbox 543 2151 833 2199; x_wconf 78' lang='lat' dir='ltr'>government</span> <span class='ocrx_word' id='word_1_182' title='bbox 862 2147 912 2186; x_wconf 89' lang='lat' dir='ltr'>of</span> <span class='ocrx_word' id='word_1_183' title='bbox 937 2146 1091 2197; x_wconf 85' lang='lat' dir='ltr'>Spain,</span> <span class='ocrx_word' id='word_1_184' title='bbox 1123 2147 1210 2187; x_wconf 88' lang='lat' dir='ltr'>and</span> <span class='ocrx_word' id='word_1_185' title='bbox 1243 2151 1288 2187; x_wconf 92' lang='lat' dir='ltr'>to</span> <span class='ocrx_word' id='word_1_186' title='bbox 1317 2146 1501 2187; x_wconf 88' lang='lat' dir='ltr'>Crassus</span> <span class='ocrx_word' id='word_1_187' title='bbox 1532 2146 1626 2186; x_wconf 80' lang='lat' dir='ltr'>that</span> <span class='ocrx_word' id='word_1_188' title='bbox 1653 2145 1702 2186; x_wconf 90' lang='lat' dir='ltr'>of</span> 
     </span>
     <span class='ocr_line' id='line_1_27' title="bbox 222 2201 723 2253; baseline -0.002 -12"><span class='ocrx_word' id='word_1_189' title='bbox 222 2202 367 2253; x_wconf 73' lang='lat' dir='ltr'>Syria,</span> <span class='ocrx_word' id='word_1_190' title='bbox 390 2202 459 2242; x_wconf 89' lang='lat' dir='ltr'>for</span> <span class='ocrx_word' id='word_1_191' title='bbox 479 2201 561 2241; x_wconf 75' lang='lat' dir='ltr'>five</span> <span class='ocrx_word' id='word_1_192' title='bbox 583 2215 723 2252; x_wconf 70' lang='lat' dir='ltr'>years.</span> 
     </span>
    </p>

    <p class='ocr_par' dir='ltr' id='par_1_11' title="bbox 221 2253 1701 2456">
     <span class='ocr_line' id='line_1_28' title="bbox 279 2253 1701 2306; baseline -0.001 -11"><span class='ocrx_word' id='word_1_193' title='bbox 279 2257 295 2280; x_wconf 62' lang='grc' dir='ltr'>δ</span> <span class='ocrx_word' id='word_1_194' title='bbox 328 2255 369 2295; x_wconf 85' lang='lat' dir='ltr'>It</span> <span class='ocrx_word' id='word_1_195' title='bbox 380 2268 566 2306; x_wconf 86' lang='lat' dir='ltr'>appears</span> <span class='ocrx_word' id='word_1_196' title='bbox 580 2255 675 2295; x_wconf 81' lang='lat' dir='ltr'>that</span> <span class='ocrx_word' id='word_1_197' title='bbox 689 2254 922 2294; x_wconf 69' lang='lat' dir='ltr'>Ventidius</span> <span class='ocrx_word' id='word_1_198' title='bbox 939 2254 1100 2294; x_wconf 77' lang='lat' dir='ltr'>Bassus</span> <span class='ocrx_word' id='word_1_199' title='bbox 1113 2254 1202 2303; x_wconf 86' lang='lat' dir='ltr'>(see</span> <span class='ocrx_word' id='word_1_200' title='bbox 1217 2258 1317 2294; x_wconf 78' lang='lat' dir='ltr'>note</span> <span class='ocrx_word' id='word_1_201' title='bbox 1330 2267 1387 2293; x_wconf 92' lang='lat' dir='ltr'>on</span> <span class='ocrx_word' id='word_1_202' title='bbox 1400 2267 1441 2294; x_wconf 88' lang='lat' dir='ltr'>x.</span> <span class='ocrx_word' id='word_1_203' title='bbox 1461 2257 1524 2294; x_wconf 79' lang='lat'>18.</span> <span class='ocrx_word' id='word_1_204' title='bbox 1538 2256 1566 2291; x_wconf 79' lang='grc'><strong><em>3</em></strong></span> <span class='ocrx_word' id='word_1_205' title='bbox 1584 2253 1597 2302; x_wconf 95' lang='grc'>)</span> <span class='ocrx_word' id='word_1_206' title='bbox 1613 2265 1701 2293; x_wconf 88' lang='lat' dir='ltr'>was</span> 
     </span>
     <span class='ocr_line' id='line_1_29' title="bbox 221 2306 1701 2359; baseline -0.001 -10"><span class='ocrx_word' id='word_1_207' title='bbox 221 2309 358 2349; x_wconf 82' lang='lat' dir='ltr'>about</span> <span class='ocrx_word' id='word_1_208' title='bbox 380 2309 466 2349; x_wconf 89' lang='lat' dir='ltr'>this</span> <span class='ocrx_word' id='word_1_209' title='bbox 490 2311 595 2349; x_wconf 84' lang='lat' dir='ltr'>time</span> <span class='ocrx_word' id='word_1_210' title='bbox 617 2311 881 2357; x_wconf 72' lang='lat' dir='ltr'>canvassing</span> <span class='ocrx_word' id='word_1_211' title='bbox 903 2310 971 2349; x_wconf 85' lang='lat' dir='ltr'>for</span> <span class='ocrx_word' id='word_1_212' title='bbox 994 2308 1067 2348; x_wconf 85' lang='lat' dir='ltr'>the</span> <span class='ocrx_word' id='word_1_213' title='bbox 1090 2308 1412 2359; x_wconf 83' lang='lat' dir='ltr'>quaestorship‚</span> <span class='ocrx_word' id='word_1_214' title='bbox 1435 2307 1523 2347; x_wconf 87' lang='lat' dir='ltr'>and</span> <span class='ocrx_word' id='word_1_215' title='bbox 1545 2306 1701 2358; x_wconf 85' lang='lat' dir='ltr'>falsely</span> 
     </span>
     <span class='ocr_line' id='line_1_30' title="bbox 221 2361 1701 2456; baseline -0.001 -53"><span class='ocrx_word' id='word_1_216' title='bbox 221 2363 425 2456; x_wconf 52' lang='lat' dir='ltr'>{ilssumed</span> <span class='ocrx_word' id='word_1_217' title='bbox 452 2363 525 2403; x_wconf 86' lang='lat' dir='ltr'>the</span> <span class='ocrx_word' id='word_1_218' title='bbox 552 2377 682 2403; x_wconf 85' lang='lat' dir='ltr'>name</span> <span class='ocrx_word' id='word_1_219' title='bbox 707 2364 757 2403; x_wconf 91' lang='lat' dir='ltr'>of</span> <span class='ocrx_word' id='word_1_220' title='bbox 778 2363 987 2409; x_wconf 85' lang='lat' dir='ltr'>Sabinus,</span> <span class='ocrx_word' id='word_1_221' title='bbox 1013 2362 1100 2402; x_wconf 88' lang='lat' dir='ltr'>and</span> <span class='ocrx_word' id='word_1_222' title='bbox 1128 2364 1161 2403; x_wconf 89' lang='lat' dir='ltr'>it</span> <span class='ocrx_word' id='word_1_223' title='bbox 1186 2364 1221 2402; x_wconf 89' lang='lat' dir='ltr'>is</span> <span class='ocrx_word' id='word_1_224' title='bbox 1247 2366 1292 2402; x_wconf 84' lang='lat' dir='ltr'>to</span> <span class='ocrx_word' id='word_1_225' title='bbox 1317 2361 1405 2402; x_wconf 79' lang='lat' dir='ltr'>this</span> <span class='ocrx_word' id='word_1_226' title='bbox 1430 2361 1526 2402; x_wconf 82' lang='lat' dir='ltr'>that</span> <span class='ocrx_word' id='word_1_227' title='bbox 1549 2361 1701 2402; x_wconf 88' lang='lat' dir='ltr'>Cicero</span> 
     </span>
    </p>

    <p class='ocr_par' dir='ltr' id='par_1_12' title="bbox 253 2418 490 2458">
     <span class='ocr_line' id='line_1_31' title="bbox 253 2418 490 2458; baseline 0 -1"><span class='ocrx_word' id='word_1_228' title='bbox 253 2431 322 2458; x_wconf 85' lang='lat' dir='ltr'>ere</span> <span class='ocrx_word' id='word_1_229' title='bbox 343 2418 490 2457; x_wconf 76' lang='lat' dir='ltr'>refers.</span> 
     </span>
    </p>

    <p class='ocr_par' dir='ltr' id='par_1_13' title="bbox 222 2466 1703 2576">
     <span class='ocr_line' id='line_1_32' title="bbox 282 2466 1703 2521; baseline -0.001 -11"><span class='ocrx_word' id='word_1_230' title='bbox 282 2475 297 2494; x_wconf 77' lang='lat'><strong><em>⁶</em></strong></span> <span class='ocrx_word' id='word_1_231' title='bbox 331 2472 400 2510; x_wconf 80' lang='lat' dir='ltr'>An</span> <span class='ocrx_word' id='word_1_232' title='bbox 439 2472 614 2510; x_wconf 65' lang='lat' dir='ltr'>ancient</span> <span class='ocrx_word' id='word_1_233' title='bbox 659 2474 774 2510; x_wconf 85' lang='lat' dir='ltr'>town</span> <span class='ocrx_word' id='word_1_234' title='bbox 815 2471 867 2510; x_wconf 89' lang='lat' dir='ltr'>of</span> <span class='ocrx_word' id='word_1_235' title='bbox 905 2470 979 2510; x_wconf 82' lang='lat' dir='ltr'>the</span> <span class='ocrx_word' id='word_1_236' title='bbox 1017 2469 1218 2517; x_wconf 73' lang='lat' dir='ltr'>Sab1nes,</span> <span class='ocrx_word' id='word_1_237' title='bbox 1257 2468 1331 2510; x_wconf 86' lang='lat' dir='ltr'>the</span> <span class='ocrx_word' id='word_1_238' title='bbox 1376 2467 1621 2521; x_wconf 77' lang='lat' dir='ltr'>birtliplace</span> <span class='ocrx_word' id='word_1_239' title='bbox 1654 2466 1703 2509; x_wconf 77' lang='lat' dir='ltr'>of</span> 
     </span>
     <span class='ocr_line' id='line_1_33' title="bbox 222 2524 1318 2576; baseline 0 -12"><span class='ocrx_word' id='word_1_240' title='bbox 222 2524 272 2565; x_wconf 90' lang='lat' dir='ltr'>T.</span> <span class='ocrx_word' id='word_1_241' title='bbox 294 2524 446 2565; x_wconf 82' lang='lat' dir='ltr'>Tatius</span> <span class='ocrx_word' id='word_1_242' title='bbox 466 2524 554 2564; x_wconf 85' lang='lat' dir='ltr'>and</span> <span class='ocrx_word' id='word_1_243' title='bbox 579 2524 728 2564; x_wconf 80' lang='lat' dir='ltr'>Numa</span> <span class='ocrx_word' id='word_1_244' title='bbox 752 2524 993 2576; x_wconf 87' lang='lat' dir='ltr'>Pompilius</span> <span class='ocrx_word' id='word_1_245' title='bbox 1012 2524 1160 2576; x_wconf 86' lang='lat' dir='ltr'>(Livy,</span> <span class='ocrx_word' id='word_1_246' title='bbox 1182 2525 1209 2565; x_wconf 91' lang='lat' dir='ltr'>i.</span> <span class='ocrx_word' id='word_1_247' title='bbox 1238 2524 1318 2573; x_wconf 89' lang='grc'><strong>13).</strong></span> 
     </span>
    </p>
   </div>
   <div class='ocr_carea' id='block_1_9' title="bbox 227 2594 320 2636">
    <p class='ocr_par' dir='ltr' id='par_1_14' title="bbox 227 2594 320 2636">
     <span class='ocr_line' id='line_1_34' title="bbox 227 2594 320 2636; baseline 0 -1"><span class='ocrx_word' id='word_1_248' title='bbox 227 2594 320 2636; x_wconf 82' lang='grc'>308</span> 
     </span>
    </p>
   </div>
  </div>
 </body>
</html>
