1837 3029
837 197 1088 246 CICERO

217 324 622 373 benevolentiam
674 330 779 374 eius
828 345 949 392 erga
998 345 1080 375 me
1130 332 1387 391 experirer
1433 336 1488 377 et
1535 329 1702 376 fidem.

219 404 400 468 Itaque
423 411 461 453 si
487 408 607 470 quid
633 415 721 455 aut
747 407 882 462 mihi,
908 416 996 455 aut
1019 426 1245 456 meorum
1271 413 1486 472 cuipiam
1512 413 1560 456 in
1585 411 1704 456 Asia

215 502 338 547 opus
364 494 458 540 est,
484 489 545 534 ad
572 487 703 534 hune
727 490 943 536 scribere
967 494 1219 545 consuevi,
1244 489 1388 538 huius
1413 507 1526 536 cum
1552 503 1702 552 opera

215 574 266 612 et
291 566 406 622 tide,
426 575 536 613 tuin
559 569 708 615 domo
731 577 784 616 et
805 586 858 616 re
882 574 972 624 uti,
995 578 1259 634 tamquam
1278 587 1416 635 mea.v
1469 569 1618 639 4H¹aec
1640 569 1702 616 ad

214 653 265 692 te
293 663 352 692 eo
378 648 600 709 pluribus
626 653 814 712 scripsi,
841 658 897 697 ut
923 651 1262 713 intellegeres,
1281 667 1362 698 me
1388 667 1488 697 non
1513 650 1701 713 vulgari

214 728 391 783 niore,1
423 745 514 775 nec
551 731 834 786 ambitiose,
863 732 952 778 sed
990 739 1046 778 ut
1083 749 1173 793 pro
1205 731 1407 778 homine.
1436 733 1614 778 intimo
1646 746 1703 776 ac

164 813 188 851 2
214 806 331 853 mihi
358 815 731 871 pernecessario
761 812 992 858 scribere.
1068 812 1193 858 Peto
1221 815 1374 876 igitur
1407 827 1435 858 a
1467 819 1538 867 te,
1563 818 1623 858 ut
1652 814 1700 857 in

213 904 273 933 ea
303 895 656 946 controversia,
688 909 839 955 quam
871 892 1028 939 habet
1058 894 1121 940 de
1153 892 1308 939 fundo
1339 910 1452 939 cum
1483 890 1701 955 quodam

213 967 538 1032 Colophonio,
575 979 628 1018 et
663 976 712 1018 in
749 977 930 1020 ceteris
967 974 1133 1029 rebus,
1170 980 1418 1036 quantum
1455 972 1578 1020 fides
1613 969 1702 1019 tua

211 1053 452 1110 patietur,
480 1060 830 1116 quantumque
860 1062 948 1100 tuo
976 1055 1239 1101 commodo
1266 1057 1473 1117 poteriS,
1499 1060 1700 1101 tanturn

213 1137 265 1176 et
288 1130 485 1178 honoris
507 1137 606 1179 mei
629 1150 777 1180 causa
800 1136 1087 1181 commodes
1112 1151 1123 1189 ;
1164 1138 1276 1190 etsi,
1299 1143 1356 1181 ut
1378 1139 1485 1181 eius
1505 1133 1700 1180 modes-

211 1213 333 1256 tiam
362 1217 589 1275 cognovi,
616 1219 779 1277 gravis
809 1217 897 1262 tibi
927 1216 1063 1262 nulla
1089 1220 1139 1262 in
1167 1233 1220 1262 re
1250 1219 1359 1262 erit.
1387 1232 1390 1235 ’
1429 1214 1478 1261 Si
1507 1221 1559 1260 et
1587 1229 1699 1259 mea

210 1295 650 1342 commendatione
686 1303 738 1342 et
772 1313 861 1342 sua
896 1297 1151 1359 probitate
1187 1289 1444 1361 ‘asse'eutus
1478 1293 1697 1359 erit‚''³uti

211 1372 354 1425 dese
380 1375 511 1421 bene
533 1380 808 1433 existimes,
834 1381 1002 1424 onmia
1025 1394 1078 1424 se
1097 1370 1341 1439 adeptum
1358 1365 1696 1441 arbitrabitur.

214 1453 287 1500 Ut
306 1457 461 1517 igitur
482 1472 597 1502 eum
618 1461 828 1519 recipias
848 1461 898 1504 in
920 1458 1090 1512 fidem,
1110 1458 1400 1520 habeasque
1415 1460 1470 1507 ,in
1489 1472 1699 1507 numero

211 1540 431 1591 tuorum,
478 1543 531 1583 te
579 1537 910 1585 vehementer
955 1542 1108 1585 etiam
1158 1546 1314 1600 atque
1359 1541 1518 1604 etiam
1534 1564 1539 1575 v<
1560 1547 1696 1597 rogo.

211 1613 339 1678 Ego,
376 1632 507 1679 quae
545 1625 597 1664 te
637 1618 780 1674 velle,
818 1635 1051 1683 quaeque
1090 1619 1153 1665 ad
1190 1626 1242 1665 te
1279 1606 1540 1680 pertinere
1571 1615 1697 1662 arbi-

212 1696 398 1752 trabor,
424 1701 591 1744 onmia
615 1699 839 1747 studiose
865 1700 1236 1764 diligenterque
1261 1699 1461 1745 curabo,

883 1951 1022 1998 LXX

402 2098 456 2130 M.
493 2099 537 2130 T.
575 2100 614 2131 C.
651 2100 688 2131 S.
727 2100 769 2132 P.
809 2101 855 2132 D.
893 2101 935 2132 P.
973 2100 1196 2131 SERVILIO
1230 2098 1471 2131 coLLEGAE

728 2218 910 2265 Rornae,
933 2231 1063 2259 aare.
1086 2220 1182 2259 708.

272 2331 403 2391 Quia
434 2350 534 2379 non
566 2342 643 2381 est
672 2335 884 2382 obscura
914 2342 1004 2382 tua
1033 2339 1084 2381 in
1114 2351 1196 2381 me
1226 2315 1598 2387 benevolentia,
1624 2333 1694 2377 sie

209 2412 266 2459 fit
306 2421 361 2460 ut
401 2414 545 2461 multi
586 2431 675 2477 per
714 2432 796 2462 me
836 2417 927 2462 tibi
968 2415 1124 2462 velint
1160 2414 1517 2462 commendari.
1584 2411 1693 2474 Ego

632 2551 647 2576 ²
677 2552 828 2592 Klotz:
863 2552 1097 2603 vulgariter
1122 2552 1272 2594 Nobbe.

219 2613 311 2661 160
