1837 3029
877 205 1126 254 CICERO

953 355 1050 400 VII

670 497 727 530 M.
761 499 807 530 T.
844 500 884 529 C.
922 499 958 529 s,
997 500 1039 529 P.
1078 500 1123 529 1).
1158 499 1332 531 TIRONI

750 600 983 652 Corcyrae,
1004 615 1136 642 A.u.c.
1158 604 1254 642 704.

322 706 603 768 Septimum
620 710 718 752 iam
737 707 870 753 diem
889 706 1135 771 Corcyrae
1152 708 1454 754 tenebamur
1475 723 1487 763 3
1522 707 1740 766 Quintus

259 791 430 829 autem
466 791 611 845 pater
645 792 697 830 et
731 784 857 830 filius
891 783 1139 831 Buthroti.
1207 784 1412 831 Solliciti
1446 801 1644 831 eramus
1676 785 1740 831 de

261 867 349 906 tua
383 860 672 907 valetudine
706 865 886 908 mirum
919 865 970 907 in
1003 862 1243 917 modum3
1296 878 1387 908 nec
1420 863 1741 916 mirabamur,

261 937 380 982 nihil
401 954 429 983 a
448 945 500 984 te
521 937 819 985 litterarum.
875 939 940 985 Iis
961 943 1093 985 enim
1114 943 1276 985 ventis
1294 942 1441 985 istinc
1459 942 1741 1003 navigatur,

261 1018 346 1077 qui
383 1018 422 1061 si
463 1023 649 1071 essent,
688 1032 775 1062 nos
814 1016 1061 1079 Corcyrae
1099 1033 1198 1063 non
1235 1017 1540 1063 sederemus.
1610 1015 1741 1062 Cura

261 1095 414 1154 igitur
448 1100 502 1138 te
538 1100 592 1139 et
625 1093 863 1140 confirma
899 1101 973 1149 et,
1003 1111 1117 1140 cum
1151 1094 1413 1140 commode
1449 1101 1502 1141 et
1535 1109 1626 1156 per
1660 1110 1741 1139 va·

259 1167 539 1216 letudinem
575 1177 626 1217 et
661 1187 751 1232 per
785 1174 900 1216 anni
934 1178 1136 1233 tempus
1170 1174 1406 1234 navigare
1439 1173 1645 1233 poteris,
1678 1170 1742 1216 ad

261 1262 368 1302 nos,
393 1250 760 1293 amantissimos
786 1251 879 1304 tui,
905 1252 1034 1295 veni.
1096 1247 1258 1294 Nemo
1283 1265 1372 1294 nos
1397 1254 1554 1302 amat,
1579 1251 1663 1310 qui
1687 1254 1741 1294 te

261 1340 360 1368 uon
393 1323 606 1386 diligat3
657 1341 800 1371 carus
833 1326 1064 1372 omnibus
1097 1332 1524 1387 exspectatusque
1556 1328 1740 1370 venies.

260 1399 408 1455 Cura,
445 1408 501 1447 ut
537 1400 719 1448 valeas.
793 1402 960 1448 Etiam
999 1409 1153 1465 atque
1194 1406 1367 1457 etiam,
1401 1401 1517 1447 Tiro
1556 1408 1744 1456 noster,

261 1476 388 1526 vale.
455 1493 532 1526 w.
563 1478 776 1526 Kalend.
803 1479 1071 1527 Decembr.
1100 1479 1330 1542 Corcyra.

942 1675 1067 1722 VIII

802 1819 847 1856 Q.
883 1820 924 1852 e.
959 1820 1133 1850 ‘rmom
1167 1820 1205 1853 S.

772 1937 972 1983 Formiis,
992 1952 1124 1979 A.u.c.
1146 1941 1243 1980 705.

216 2059 234 2098 l
328 2052 551 2116 Magnae
574 2055 716 2100 nobis
739 2061 816 2100 est
838 2054 1155 2101 sollicitudini
1178 2053 1416 2101 valetudo
1436 2061 1540 2100 tua.
1596 2051 1742 2107 Nam,

262 2134 467 2176 ‘tametsi
522 2135 606 2192 qui
662 2135 888 2186 veniunt,
932 2132 1151 2177 ἀκίνδυνα
1207 2131 1308 2192 μέν,
1359 2130 1646 2193 χρονιώτερα
1698 2128 1742 2173 δέ

264 2210 518 2262 nuntiant,
546 2215 720 2253 tamen
748 2211 799 2254 in
827 2225 1013 2271 magna
1040 2208 1379 2254 consolatione
1407 2211 1585 2271 ingens
1612 2210 1743 2252 inest

264 2283 559 2340 sollicitudo,
595 2288 632 2329 si
670 2285 858 2331 diutius
895 2301 923 2330 a
959 2286 1100 2331 nobis
1137 2284 1366 2331 afuturus
1402 2293 1480 2331 est
1513 2287 1571 2339 is,
1605 2286 1741 2329 cuius

266 2377 408 2406 usum
428 2369 481 2407 et
498 2365 798 2408 suavitatem
819 2362 1152 2409 desiderando
1169 2366 1428 2409 sentimuS.
1480 2363 1554 2408 Ac
1570 2368 1741 2407 tamen

325 2503 342 2520 ‘¹
372 2497 463 2537 The
490 2499 730 2538 south-east
759 2499 889 2545 wind,
921 2499 1058 2538 wliicli
1087 2499 1228 2538 would
1258 2499 1467 2539 facilitate
1493 2512 1519 2539 a
1545 2499 1742 2548 crossing

255 2552 369 2591 from
391 2552 580 2603 Corcyra
599 2557 642 2592 to
666 2552 792 2604 Italy,
816 2552 957 2592 would
979 2553 1070 2593 also
1093 2553 1221 2604 bring
1242 2567 1265 2592 a
1290 2553 1411 2593 letter
1430 2553 1545 2593 from
1568 2552 1737 2592 Patrae.

255 2621 349 2662 330
