1837 3029
789 158 1041 206 CICERO

173 298 465 354 exspectem
491 295 580 335 aut
601 291 708 350 ipse
732 287 797 334 ad
821 294 872 332 te
896 286 1127 338 scribam,
1150 291 1324 332 tamen
1346 289 1515 333 nescio
1536 303 1655 350 quo-

173 358 324 406 modo
355 363 410 404 et
438 360 545 418 ipse
579 362 768 401 vestras
799 353 995 400 litteras
1027 359 1286 414 exspecto,
1318 359 1371 399 et
1401 353 1563 400 scribo
1593 354 1656 400 ad

175 442 279 478 vos,
316 441 429 471 cum
471 422 652 474 habeo,
691 424 776 483 qui
816 419 963 466 ferat.
1032 419 1299 465 Volumnia
1323 420 1500 466 debuit
1524 423 1575 466 in
1604 429 1657 466 te

173 493 432 540 officiosior
468 506 595 543 esse,
631 504 780 550 quam
818 485 934 540 fuit,
971 493 1024 532 et
1058 487 1108 532 id
1144 489 1326 548 ipsum,
1350 486 1487 549 quod
1520 486 1659 542 fecit,

175 562 343 622 potuit
363 557 655 619 diligentius
676 553 843 600 facere
868 560 921 600 et
941 556 1153 599 cautius.
1221 554 1540 616 Quamquam
1563 553 1660 600 alia

176 632 312 678 sunt,
337 640 467 687 quae
494 625 654 684 magis
680 638 910 667 curemus
937 623 1199 681 magisque
1226 619 1504 673 doleamus,
1527 637 1659 683 quae

177 709 259 739 me
312 695 384 737 ita
435 689 723 740 conficiunt,
783 694 839 734 ut
890 690 925 733 ii
984 686 1268 740 voluerunt,
1326 690 1409 749 qui
1460 703 1542 733 me
1595 688 1659 734 de

176 776 289 805 mea
315 759 570 804 sententia
595 756 938 802 detruserunt.
998 754 1147 810 Cura,
1172 760 1229 800 ut
1253 753 1436 801 valeas.
1494 753 1661 802 Pridie

178 826 348 873 Nonas
373 825 571 870 Ianuar.

843 916 991 964 XVII

501 1032 556 1064 M.
590 1031 636 1063 Τ.
673 1032 714 1063 C.
751 1031 788 1062 S.
826 1031 874 1062 Ι).
909 1030 1191 1061 TERENTIAE
1223 1030 1345 1062 SUAE

679 1111 899 1155 Brundisi.
924 1126 996 1152 Α.υ
1015 1125 1052 1152 c.
1076 1114 1171 1152 706.

243 1201 494 1249 S.v.b.e.v.
523 1198 572 1245 Si
599 1197 718 1260 quid
749 1196 1009 1249 haberem,
1035 1196 1170 1258 quod
1200 1196 1264 1242 ad
1297 1202 1349 1242 te
1375 1197 1663 1253 scriberem,

180 1268 400 1316 facerem
447 1267 497 1313 id
543 1272 597 1311 et
641 1264 865 1326 pluribus
913 1264 1076 1309 verbis
1123 1270 1177 1310 et
1221 1266 1436 1325 saepius.
1520 1265 1663 1312 Nunc

178 1352 310 1399 quae
336 1339 436 1381 sint
461 1335 684 1395 negotia,
712 1332 865 1378 vides.
933 1330 1044 1393 Ego
1077 1337 1250 1376 autem
1283 1332 1536 1393 quomodo
1572 1336 1663 1379 sim

179 1402 408 1455 affectus,
445 1418 506 1447 ex
548 1400 714 1461 Lepta
753 1405 805 1444 et
840 1397 1080 1443 Trebatio
1116 1400 1305 1459 poteris
1345 1415 1662 1461 cognoscere.

177 1470 254 1517 Tu
276 1468 373 1524 fac,
396 1475 453 1515 ut
474 1474 618 1515 tuam
642 1472 695 1512 et
715 1464 908 1512 Tulliae
932 1463 1276 1512 valetudinem
1297 1481 1456 1512 cures.
1524 1465 1662 1514 Vale.

834 1622 1011 1670 XVIII

225 1738 429 1772 TULLIUS
460 1736 742 1768 TERENTIAE
773 1735 895 1767 SUAE
928 1735 988 1765 ΕΤ
1021 1735 1180 1765 PATER
1211 1735 1419 1767 SUAVISS.
1455 1735 1618 1768 FILIAE

305 1805 591 1845 TULLIOLAE,
625 1804 800 1834 CICERO
836 1803 993 1833 MATRI
1029 1802 1090 1832 ET
1123 1803 1301 1833 SORORI
1335 1803 1373 1834 S.
1409 1803 1454 1834 P.
1489 1803 1538 1835 D.

690 1884 891 1930 Formiis,
915 1897 1046 1924 A.u.c.
1069 1886 1165 1924 705.

134 1986 152 2025 1
242 1971 674 2020 Considerandum
709 1970 846 2015 vobis
882 1972 1036 2014 ctiam
1072 1976 1227 2031 atque
1261 1971 1435 2024 etiam,
1467 1973 1665 2018 animae

180 2057 344 2096 meae,
372 2039 643 2103 diligenter
671 2043 814 2099 puto,
843 2036 964 2098 quid
992 2035 1513 2083 faciatis—Romaene
1540 2041 1666 2095 sitis,

244 2193 262 2212 ⁶
294 2186 406 2226 Who
435 2186 520 2226 this
550 2183 653 2235 lady
684 2197 771 2224 was
802 2185 835 2223 is
865 2182 1106 2223 unknown.
1167 2182 1256 2223 She
1286 2196 1389 2234 may
1418 2183 1529 2224 have
1556 2183 1665 2225 been

186 2242 259 2283 the
278 2243 402 2282 sister
422 2254 470 2280 or
490 2239 709 2290 daughter
728 2239 779 2278 of
798 2238 843 2278 l’.
868 2238 1131 2277 Volumnius
1154 2237 1417 2289 Eutrapelus
1437 2239 1528 2289 (vii.
1549 2240 1637 2288 32).

246 2296 261 2319 ὸ
292 2295 415 2346 They
444 2293 531 2334 had
559 2307 683 2333 come
710 2296 754 2332 to
782 2306 852 2331 see
881 2293 1032 2331 Cicero
1059 2296 1105 2331 at
1137 2291 1419 2331 Brundisium
1446 2291 1534 2331 and
1562 2293 1666 2333 then

187 2349 264 2390 left
292 2351 360 2389 for
393 2349 544 2388 Rome.
606 2346 660 2395 Q.
697 2346 834 2397 Lepta
867 2360 953 2384 was
985 2345 1174 2385 Cicero‘s
1201 2345 1447 2396 praefectus
1468 2346 1665 2395 fabrum,

185 2404 211 2425 ⁸⁴
233 2400 686 2455 engineer-in-chief,”
738 2402 779 2439 in
831 2400 996 2439 Cilicia.
1056 2399 1287 2438 Trebatius
1338 2411 1426 2439 was
1477 2399 1666 2441 Cicero's

186 2457 376 2498 familiar
403 2455 561 2501 friend,
586 2455 658 2494 the
689 2467 839 2505 young
863 2452 1161 2505 jurisconsult,
1187 2466 1236 2494 so
1264 2454 1386 2494 often
1415 2454 1665 2495 mentioned

187 2513 231 2552 in
254 2512 319 2551 his
340 2511 498 2551 letters.
564 2509 633 2560 Cf.
655 2510 726 2549 vii.
749 2510 865 2549 6-22.

192 2575 288 2624 216
