1837 3029
843 180 1094 229 CICERO

222 313 407 361 debitis
441 314 707 375 exigimus,
737 327 868 374 quae
902 311 1049 357 aliter
1082 313 1308 366 veniunt,
1333 317 1392 357 ut
1423 310 1625 372 decepti
1650 311 1716 358 ab

221 408 297 460 iis,
330 402 515 451 infesto
554 407 720 450 animo
757 401 1187 465 reprehendimus.
1265 401 1446 466 Itaque
1478 405 1713 449 resistere

224 497 447 543 Antonio
479 495 791 549 Ciceronem,
823 497 918 540 etsi
949 497 1169 539 maxima
1199 493 1348 540 laude
1379 493 1588 556 dignum
1619 500 1714 549 est,

223 595 415 642 tamen,
440 590 555 649 quia
580 587 660 632 ille
685 586 854 631 consul
879 585 1010 631 hune
1033 585 1345 631 consularem
1369 588 1550 631 merito
1573 601 1715 647 prae-

149 686 195 726 11
223 686 358 726 stare
409 678 625 733 videtur,
677 694 825 723 nemo
877 677 1168 722 admiratur.
1242 676 1384 723 Idem
1436 676 1626 733 Cicer-0,
1675 680 1715 724 si

223 770 422 817 flexerit
467 770 703 816 advorsus
750 769 869 815 alios
915 769 1152 815 iudicium
1189 785 1354 824 suum,
1390 768 1524 831 quod
1569 775 1715 816 tanta

225 863 464 909 firmitate
503 879 559 907 ae
600 861 1003 924 magnitudinine
1042 863 1193 906 animi
1232 860 1417 906 direxit
1457 863 1508 906 in
1545 867 1715 907 extur-

204 953 389 1001 'bando
426 955 665 1008 Antonio,
700 969 800 998 non
834 952 983 999 modo
1017 951 1195 1014 reliqui
1230 955 1470 1014 temporis
1504 943 1714 1016 gloriam

224 1049 465 1109 eripuerit
491 1047 602 1100 sibi,
630 1045 719 1091 sed
749 1047 902 1090 etiam
931 1046 1209 1106 praeterita
1237 1059 1538 1091 evanescere
1565 1051 1715 1108 coget

221 1137 409 1184 -nihil
445 1140 579 1183 enim
609 1153 700 1198 per
732 1153 785 1182 se
820 1136 1044 1198 amplum
1075 1142 1170 1190 est,
1200 1137 1293 1181 nisi
1327 1138 1378 1181 in
1414 1152 1513 1198 quo
1546 1136 1714 1182 iudicii

223 1233 350 1277 ratio
379 1236 605 1284 extat—‚
633 1231 750 1291 quia
776 1231 1032 1273 neminem
1058 1230 1218 1290 magis
1246 1226 1395 1273 decet
1422 1243 1529 1274 rem
1555 1228 1716 1290 publi-

222 1338 334 1369 cam
371 1337 540 1368 amare
577 1320 930 1381 libertatisque
963 1318 1283 1365 defensorem
1321 1335 1429 1365 esse
1460 1319 1540 1366 vel
1576 1322 1716 1382 inge-

223 1417 306 1461 nio
339 1412 419 1460 vel
451 1413 600 1459 rebus
644 1414 800 1475 gestis
835 1410 915 1456 vel
956 1410 1123 1457 studio
1164 1416 1319 1472 atque
1351 1410 1714 1474 efflagitatione

223 1508 462 1552 omnium.
533 1503 703 1562 Quare
723 1519 824 1550 non
851 1501 1091 1549 Octavius
1114 1508 1192 1548 est
1217 1501 1488 1565 rogandus,
1515 1508 1572 1549 ut
1593 1503 1714 1550 velit

223 1613 311 1644 nos
353 1596 514 1644 salvos
552 1611 692 1642 esse:
744 1598 904 1658 magis
949 1601 1063 1640 tute
1099 1600 1154 1640 te
1194 1596 1463 1650 exsuscita,
1500 1600 1559 1640 ut
1601 1610 1715 1642 eam

222 1692 499 1744 civitatem,
542 1691 593 1734 in
636 1704 736 1750 qua
777 1689 999 1732 maxima
1041 1688 1259 1749 gessisti,
1301 1685 1512 1731 liberam
1559 1692 1715 1749 atque

222 1780 488 1828 honestam
522 1779 628 1825 fore
659 1786 826 1841 putes,
855 1782 896 1825 si
932 1778 1082 1824 modo
1112 1781 1212 1824 sint
1246 1776 1431 1840 populo
1464 1776 1716 1826 duceslad

221 1872 559 1920 resistendum
584 1871 924 1934 improborum
949 1869 1178 1916 consiliis.

773 2095 944 2143 XXVI
981 2094 1042 2160 (Ι.
1083 2094 1161 2159 18)

608 2241 666 2276 Μ.
702 2241 876 2272 CICERO
911 2240 948 2272 S.
986 2241 1033 2272 D.
1070 2239 1126 2271 M.
1164 2239 1327 2270 BRUTO

748 2334 931 2380 Romae,
956 2345 1088 2373 A.U.c.
1112 2334 1189 2372 711

174 2441 194 2480 1
285 2431 413 2479 Cum
455 2447 607 2493 saepe
649 2436 703 2477 te
744 2429 925 2475 litteris
968 2427 1198 2473 hortatus
1242 2443 1422 2483 essem,
1463 2432 1522 2473 ut
1563 2422 1716 2490 quam

220 2529 436 2587 primum
467 2527 538 2570 rei
571 2523 800 2585 publicae
833 2522 1123 2566 subvenires
1154 2522 1206 2566 in
1238 2518 1541 2582 Italiamque
1573 2534 1717 2565 exer-

218 2618 312 2661 730
