1868 3040
886 183 1137 232 CICERO

264 311 514 367 deditum,
560 312 714 374 idque
763 328 793 358 a
840 328 1011 374 puero.
1082 312 1212 358 Nam
1261 313 1397 360 domi
1443 329 1590 360 meae
1637 329 1748 360 cum

266 387 488 435 Diodoto
533 387 718 443 Stoico,
764 387 966 435 homine
1011 405 1126 435 meo
1170 390 1353 436 iudicio
1399 390 1751 446 eruditissimo,

262 464 480 511 multum
509 480 538 510 a
566 481 723 526 puero
751 464 862 511 fuit.
933 465 1077 511 Nunc
1107 473 1298 521 autem,
1325 469 1556 513 incensus
1583 466 1750 513 studio

261 556 429 587 rerum
468 547 688 596 tuarum,
728 556 812 588 eas
850 541 1031 588 litteris
1071 542 1276 589 Graecis
1314 542 1556 590 mandare
1593 547 1747 606 cupit.

263 616 414 664 Posse
453 619 700 674 arbitror3
756 617 891 665 valet
927 622 1165 682 ingeni03
1220 618 1379 667 habet
1416 635 1596 677 usum3
1648 623 1747 666 iam

261 696 455 756 pridem
492 698 542 740 in
581 711 639 740 eo
668 711 857 758 genere
893 697 1028 742 studi
1064 696 1451 759 litterarumque
1488 704 1746 752 versatum

259 771 550 818 satisfacere
582 773 950 819 immortalitati
982 773 1189 820 laudum
1221 781 1422 820 tuarum
1454 775 1748 821 mirabiliter

258 849 513 911 cupiebat.
578 849 750 896 Habes
780 853 1025 911 opinionis
1055 867 1201 897 meae
1228 855 1576 897 testimonium
1600 867 1612 907 ;
1657 851 1746 898 sed

259 932 316 972 tu
354 925 448 972 hoc
484 925 676 973 facilius
714 927 892 983 multo,
930 944 1019 990 pro
1057 935 1148 975 tua
1184 928 1423 991 singulari
1459 928 1746 990 prudentia,

256 1003 515 1050 iudicabis.
586 1004 654 1050 Et
690 1011 882 1060 tamen,
919 1005 1054 1067 quod
1090 1011 1413 1068 negaveram,
1449 1005 1746 1052 commendo

258 1080 351 1126 tibi
370 1096 500 1126 eum.
552 1080 811 1144 Quidquid
829 1085 873 1128 ei
890 1083 1301 1138 commodaveris,
1319 1087 1414 1130 erit
1429 1083 1480 1130 id
1503 1086 1744 1129 maiorem

256 1160 308 1204 in
330 1157 536 1204 modum
559 1166 778 1222 gratum.

926 1389 1077 1437 XVII

575 1534 631 1568 Μ.
666 1535 712 1567 Τ.
749 1535 789 1567 C.
825 1534 863 1567 S.
900 1534 945 1567 P.
982 1535 1029 1567 D.
1065 1535 1170 1567 SER‚
1207 1535 1427 1568 SULPICIO

776 1648 960 1696 Romae,
982 1661 1113 1690 A.U.C.
1135 1651 1232 1690 708.

210 1774 229 1818 1
323 1766 414 1813 Μ’.
439 1766 634 1820 CuriuS,
656 1769 741 1828 qui
766 1765 927 1812 Patris
950 1769 1258 1829 negotiatur,
1280 1766 1450 1813 multis
1473 1773 1526 1814 et
1545 1770 1741 1830 magnis

259 1844 322 1890 de
351 1847 510 1889 causis
540 1859 569 1888 a
596 1859 677 1888 me
710 1843 949 1905 diligitur.
1014 1842 1142 1888 Nam
1173 1850 1225 1889 et
1253 1847 1473 1890 amicitia
1503 1852 1740 1906 pervetus

258 1919 378 1965 mihi
400 1936 513 1966 cum
538 1935 597 1965 eo
621 1927 715 1974 est,
739 1926 796 1965 ut
817 1922 1032 1980 primum
1054 1922 1106 1965 in
1127 1918 1291 1965 forum
1313 1924 1469 1975 venit,
1488 1924 1741 1976 instituta,

258 2004 311 2043 et
353 1996 514 2043 Patris
556 2012 669 2042 cum
711 1996 976 2058 aliquoties
1019 2003 1188 2051 antea,
1230 2003 1339 2042 tum
1380 2000 1607 2058 proxime
1647 1996 1740 2044 hoc

257 2076 533 2119 miserrimo
557 2072 690 2119 bello
717 2072 893 2119 domus
920 2076 1025 2118 eius
1051 2080 1162 2119 tota
1187 2072 1307 2118 mihi
1332 2077 1499 2135 patuit
1522 2089 1533 2129 ς
1577 2090 1678 2136 qua
1699 2076 1738 2120 si

260 2167 383 2213 opus
408 2149 603 2207 fuisset,
622 2157 729 2197 tam
755 2166 917 2196 essem
942 2166 1076 2206 usus,
1102 2166 1253 2213 quam
1278 2167 1407 2197 mea.
1456 2150 1739 2198 Maximum

320 2316 337 2333 ‘²
370 2309 454 2348 For
469 2323 524 2348 an
541 2313 729 2349 account
743 2310 793 2349 of
808 2309 893 2349 this
909 2310 1247 2361 cminentjurist
1265 2309 1351 2350 and
1370 2310 1509 2350 friend
1527 2312 1738 2351 ofCicero

261 2376 331 2402 see
353 2368 453 2403 note
468 2378 493 2402 α
510 2376 566 2402 on
584 2364 638 2403 iv.
661 2367 696 2403 1.
718 2366 753 2403 l.
816 2362 1032 2414 Sulpicius
1054 2363 1140 2403 had
1162 2363 1351 2416 recently
1373 2364 1480 2404 been
1500 2365 1737 2417 appointed

264 2416 499 2457 l'roconsul
520 2418 569 2455 of
587 2417 753 2456 Achaia
775 2416 835 2468 by
857 2419 1029 2463 Cacsar,
1051 2416 1106 2467 cf.
1128 2419 1183 2458 iv.
1205 2420 1245 2457 3.

322 2471 337 2493 ‘²
367 2472 437 2510 vii.
467 2472 521 2510 98
549 2472 582 2509 is
611 2484 638 2509 a
667 2470 791 2510 letter
814 2471 929 2509 from
960 2470 1112 2511 Cicero
1139 2475 1185 2511 to
1221 2471 1327 2519 him,
1354 2470 1441 2511 and
1469 2471 1539 2513 vii.
1566 2473 1621 2512 29
1656 2485 1739 2512 one

258 2525 373 2564 from
396 2525 486 2565 him
507 2528 552 2564 to
573 2524 740 2564 Cicero.
1648 2550 1650 2554 v

266 2595 324 2635 58
