<?xml version="1.0" encoding="UTF-8"?>
<!DOCTYPE html PUBLIC "-//W3C//DTD XHTML 1.0 Transitional//EN"
    "http://www.w3.org/TR/xhtml1/DTD/xhtml1-transitional.dtd">
<html xmlns="http://www.w3.org/1999/xhtml" xml:lang="en" lang="en">
 <head>
  <title>
</title>
<meta http-equiv="Content-Type" content="text/html;charset=utf-8" />
  <meta name='ocr-system' content='tesseract 3.04.00' />
  <meta name='ocr-capabilities' content='ocr_page ocr_carea ocr_par ocr_line ocrx_word'/>
</head>
<body>
  <div class='ocr_page' id='page_1' title='image "./letterstohisfrie03ciceuoft_0568.png"; bbox 0 0 1837 3029; ppageno 0'>
   <div class='ocr_carea' id='block_1_1' title="bbox 615 195 1341 506">
    <p class='ocr_par' dir='ltr' id='par_1_1' title="bbox 615 195 1341 506">
     <span class='ocr_line' id='line_1_1' title="bbox 852 195 1102 243; baseline -0.008 0"><span class='ocrx_word' id='word_1_1' title='bbox 852 195 1102 243; x_wconf 88' lang='lat' dir='ltr'><strong>CICERO</strong></span> 
     </span>
     <span class='ocr_line' id='line_1_2' title="bbox 915 324 1039 371; baseline 0 0"><span class='ocrx_word' id='word_1_2' title='bbox 915 324 1039 371; x_wconf 79' lang='lat' dir='ltr'><strong>XVB</strong></span> 
     </span>
     <span class='ocr_line' id='line_1_3' title="bbox 615 468 1341 506; baseline -0.007 -2"><span class='ocrx_word' id='word_1_3' title='bbox 615 473 671 505; x_wconf 78' lang='grc' dir='ltr'><strong>Μ.</strong></span> <span class='ocrx_word' id='word_1_4' title='bbox 708 472 880 501; x_wconf 53' lang='lat' dir='ltr'><strong>rufiano</strong></span> <span class='ocrx_word' id='word_1_5' title='bbox 916 471 953 501; x_wconf 88' lang='lat' dir='ltr'><strong>s.</strong></span> <span class='ocrx_word' id='word_1_6' title='bbox 991 470 1037 500; x_wconf 88' lang='lat' dir='ltr'><strong>D.</strong></span> <span class='ocrx_word' id='word_1_7' title='bbox 1075 470 1119 506; x_wconf 86' lang='lat' dir='ltr'><strong>Q.</strong></span> <span class='ocrx_word' id='word_1_8' title='bbox 1158 468 1341 500; x_wconf 75' lang='lat' dir='ltr'><strong>FRATRI</strong></span> 
     </span>
    </p>
   </div>
   <div class='ocr_carea' id='block_1_2' title="bbox 772 574 1207 618">
    <p class='ocr_par' dir='ltr' id='par_1_2' title="bbox 772 574 1207 618">
     <span class='ocr_line' id='line_1_4' title="bbox 772 574 1207 618; baseline 0 -5"><span class='ocrx_word' id='word_1_9' title='bbox 772 576 934 618; x_wconf 61' lang='lat' dir='ltr'><strong>iomar.</strong></span> <span class='ocrx_word' id='word_1_10' title='bbox 959 585 1088 613; x_wconf 76' lang='grc' dir='ltr'><strong>Λ.υ.(“.</strong></span> <span class='ocrx_word' id='word_1_11' title='bbox 1111 574 1207 613; x_wconf 80' lang='lat'><strong>700.</strong></span> 
     </span>
    </p>
   </div>
   <div class='ocr_carea' id='block_1_3' title="bbox 183 686 1720 2420">
    <p class='ocr_par' dir='ltr' id='par_1_3' title="bbox 184 686 1720 1195">
     <span class='ocr_line' id='line_1_5' title="bbox 184 686 1717 750; baseline -0.005 -8"><span class='ocrx_word' id='word_1_12' title='bbox 184 706 204 749; x_wconf 86' lang='lat'><em>1</em></span> <span class='ocrx_word' id='word_1_13' title='bbox 296 695 501 742; x_wconf 77' lang='lat' dir='ltr'><strong>Calamo</strong></span> <span class='ocrx_word' id='word_1_14' title='bbox 518 694 650 739; x_wconf 83' lang='lat' dir='ltr'><strong>bono</strong></span> <span class='ocrx_word' id='word_1_15' title='bbox 672 698 723 737; x_wconf 82' lang='lat' dir='ltr'><strong>ct</strong></span> <span class='ocrx_word' id='word_1_16' title='bbox 741 696 1026 737; x_wconf 83' lang='lat' dir='ltr'><strong>atramento</strong></span> <span class='ocrx_word' id='word_1_17' title='bbox 1050 695 1353 750; x_wconf 84' lang='lat' dir='ltr'><strong>temperato,</strong></span> <span class='ocrx_word' id='word_1_18' title='bbox 1370 686 1544 734; x_wconf 84' lang='lat' dir='ltr'><strong>charta</strong></span> <span class='ocrx_word' id='word_1_19' title='bbox 1566 690 1717 734; x_wconf 90' lang='lat' dir='ltr'><strong>etiarn</strong></span> 
     </span>
     <span class='ocr_line' id='line_1_6' title="bbox 232 774 1718 843; baseline -0.006 -12"><span class='ocrx_word' id='word_1_20' title='bbox 232 785 445 831; x_wconf 81' lang='lat' dir='ltr'><strong>dentata</strong></span> <span class='ocrx_word' id='word_1_21' title='bbox 480 798 556 827; x_wconf 89' lang='lat' dir='ltr'><strong>res</strong></span> <span class='ocrx_word' id='word_1_22' title='bbox 594 786 788 843; x_wconf 78' lang='lat' dir='ltr'><strong>agetur.</strong></span> <span class='ocrx_word' id='word_1_23' title='bbox 859 777 1039 824; x_wconf 79' lang='lat' dir='ltr'>Scribis</span> <span class='ocrx_word' id='word_1_24' title='bbox 1077 778 1227 831; x_wconf 88' lang='lat' dir='ltr'><strong>enim,</strong></span> <span class='ocrx_word' id='word_1_25' title='bbox 1263 782 1317 823; x_wconf 83' lang='lat' dir='ltr'><strong>te</strong></span> <span class='ocrx_word' id='word_1_26' title='bbox 1352 792 1490 822; x_wconf 83' lang='lat' dir='ltr'><strong>meas</strong></span> <span class='ocrx_word' id='word_1_27' title='bbox 1525 774 1718 822; x_wconf 80' lang='lat' dir='ltr'><strong>litteras</strong></span> 
     </span>
     <span class='ocr_line' id='line_1_7' title="bbox 232 862 1719 934; baseline -0.006 -16"><span class='ocrx_word' id='word_1_28' title='bbox 232 874 511 934; x_wconf 78' lang='lat' dir='ltr'><strong>superiores</strong></span> <span class='ocrx_word' id='word_1_29' title='bbox 544 871 624 914; x_wconf 87' lang='lat' dir='ltr'><strong>vix</strong></span> <span class='ocrx_word' id='word_1_30' title='bbox 657 867 826 930; x_wconf 85' lang='lat' dir='ltr'><strong>legere</strong></span> <span class='ocrx_word' id='word_1_31' title='bbox 858 867 1080 928; x_wconf 85' lang='lat' dir='ltr'><strong>potuisse</strong></span> <span class='ocrx_word' id='word_1_32' title='bbox 1106 879 1117 919; x_wconf 90' lang='lat'>;</span> <span class='ocrx_word' id='word_1_33' title='bbox 1165 866 1216 910; x_wconf 88' lang='lat' dir='ltr'><strong>in</strong></span> <span class='ocrx_word' id='word_1_34' title='bbox 1248 880 1347 926; x_wconf 92' lang='lat' dir='ltr'><strong>quo</strong></span> <span class='ocrx_word' id='word_1_35' title='bbox 1378 862 1498 909; x_wconf 88' lang='lat' dir='ltr'><strong>nihil</strong></span> <span class='ocrx_word' id='word_1_36' title='bbox 1531 880 1719 918; x_wconf 91' lang='lat' dir='ltr'><strong>eorum,</strong></span> 
     </span>
     <span class='ocr_line' id='line_1_8' title="bbox 233 951 1719 1018; baseline -0.005 -13"><span class='ocrx_word' id='word_1_37' title='bbox 233 963 299 1006; x_wconf 92' lang='lat' dir='ltr'><strong>mi</strong></span> <span class='ocrx_word' id='word_1_38' title='bbox 332 958 504 1013; x_wconf 81' lang='lat' dir='ltr'><strong>frater,</strong></span> <span class='ocrx_word' id='word_1_39' title='bbox 536 955 649 1011; x_wconf 87' lang='lat' dir='ltr'><strong>fuit,</strong></span> <span class='ocrx_word' id='word_1_40' title='bbox 681 970 811 1018; x_wconf 82' lang='lat' dir='ltr'><strong>quae</strong></span> <span class='ocrx_word' id='word_1_41' title='bbox 842 960 1006 1016; x_wconf 86' lang='lat' dir='ltr'><strong>putas.</strong></span> <span class='ocrx_word' id='word_1_42' title='bbox 1073 951 1252 1015; x_wconf 87' lang='lat' dir='ltr'><strong>Neque</strong></span> <span class='ocrx_word' id='word_1_43' title='bbox 1285 954 1417 998; x_wconf 89' lang='lat' dir='ltr'><strong>enim</strong></span> <span class='ocrx_word' id='word_1_44' title='bbox 1449 957 1719 1013; x_wconf 85' lang='lat' dir='ltr'><strong>occupatus</strong></span> 
     </span>
     <span class='ocr_line' id='line_1_9' title="bbox 233 1037 1720 1108; baseline -0.006 -14"><span class='ocrx_word' id='word_1_45' title='bbox 233 1065 387 1102; x_wconf 86' lang='lat' dir='ltr'><strong>cram,</strong></span> <span class='ocrx_word' id='word_1_46' title='bbox 415 1061 579 1108; x_wconf 90' lang='lat' dir='ltr'><strong>neque</strong></span> <span class='ocrx_word' id='word_1_47' title='bbox 605 1043 931 1106; x_wconf 83' lang='lat' dir='ltr'><strong>perturbatus</strong></span> <span class='ocrx_word' id='word_1_48' title='bbox 958 1057 1050 1087; x_wconf 90' lang='lat' dir='ltr'><strong>nec</strong></span> <span class='ocrx_word' id='word_1_49' title='bbox 1083 1043 1239 1086; x_wconf 85' lang='lat' dir='ltr'><strong>iratus</strong></span> <span class='ocrx_word' id='word_1_50' title='bbox 1272 1038 1416 1085; x_wconf 83' lang='lat' dir='ltr'><strong>alicui</strong></span> <span class='ocrx_word' id='word_1_51' title='bbox 1442 1054 1453 1094; x_wconf 91' lang='lat'>;</span> <span class='ocrx_word' id='word_1_52' title='bbox 1505 1039 1595 1086; x_wconf 90' lang='lat' dir='ltr'><strong>sed</strong></span> <span class='ocrx_word' id='word_1_53' title='bbox 1627 1037 1720 1085; x_wconf 92' lang='lat' dir='ltr'><strong>hoc</strong></span> 
     </span>
     <span class='ocr_line' id='line_1_10' title="bbox 232 1127 1718 1195; baseline -0.007 -13"><span class='ocrx_word' id='word_1_54' title='bbox 232 1135 359 1182; x_wconf 86' lang='lat' dir='ltr'><strong>facio</strong></span> <span class='ocrx_word' id='word_1_55' title='bbox 386 1149 601 1195; x_wconf 84' lang='lat' dir='ltr'><strong>semper,</strong></span> <span class='ocrx_word' id='word_1_56' title='bbox 629 1139 702 1186; x_wconf 87' lang='lat' dir='ltr'><strong>ut,</strong></span> <span class='ocrx_word' id='word_1_57' title='bbox 728 1133 1031 1193; x_wconf 83' lang='lat' dir='ltr'><strong>quicumque</strong></span> <span class='ocrx_word' id='word_1_58' title='bbox 1058 1127 1277 1174; x_wconf 83' lang='lat' dir='ltr'><strong>calamus</strong></span> <span class='ocrx_word' id='word_1_59' title='bbox 1302 1130 1353 1173; x_wconf 90' lang='lat' dir='ltr'><strong>in</strong></span> <span class='ocrx_word' id='word_1_60' title='bbox 1379 1144 1555 1173; x_wconf 83' lang='lat' dir='ltr'><strong>manus</strong></span> <span class='ocrx_word' id='word_1_61' title='bbox 1582 1143 1718 1173; x_wconf 87' lang='lat' dir='ltr'><strong>meas</strong></span> 
     </span>
    </p>

    <p class='ocr_par' dir='ltr' id='par_1_4' title="bbox 183 1214 1718 2420">
     <span class='ocr_line' id='line_1_11' title="bbox 183 1214 1718 1280; baseline -0.007 -10"><span class='ocrx_word' id='word_1_62' title='bbox 183 1231 207 1270; x_wconf 85' lang='lat'><strong>2</strong></span> <span class='ocrx_word' id='word_1_63' title='bbox 233 1225 444 1276; x_wconf 86' lang='lat' dir='ltr'><strong>venerit,</strong></span> <span class='ocrx_word' id='word_1_64' title='bbox 471 1237 530 1267; x_wconf 92' lang='lat' dir='ltr'><strong>eo</strong></span> <span class='ocrx_word' id='word_1_65' title='bbox 555 1223 622 1266; x_wconf 91' lang='lat' dir='ltr'><strong>sic</strong></span> <span class='ocrx_word' id='word_1_66' title='bbox 648 1225 778 1273; x_wconf 80' lang='lat' dir='ltr'><strong>utar,</strong></span> <span class='ocrx_word' id='word_1_67' title='bbox 803 1225 1064 1280; x_wconf 79' lang='lat' dir='ltr'><strong>tamquam</strong></span> <span class='ocrx_word' id='word_1_68' title='bbox 1090 1217 1236 1262; x_wconf 89' lang='lat' dir='ltr'><strong>bono.</strong></span> <span class='ocrx_word' id='word_1_69' title='bbox 1296 1214 1483 1261; x_wconf 90' lang='lat' dir='ltr'><strong>Verum</strong></span> <span class='ocrx_word' id='word_1_70' title='bbox 1509 1214 1718 1261; x_wconf 82' lang='lat' dir='ltr'><strong>attende</strong></span> 
     </span>
     <span class='ocr_line' id='line_1_12' title="bbox 233 1302 1718 1370; baseline -0.007 -12"><span class='ocrx_word' id='word_1_71' title='bbox 233 1328 380 1365; x_wconf 88' lang='lat' dir='ltr'><strong>nunc,</strong></span> <span class='ocrx_word' id='word_1_72' title='bbox 408 1311 475 1355; x_wconf 90' lang='lat' dir='ltr'><strong>mi</strong></span> <span class='ocrx_word' id='word_1_73' title='bbox 503 1311 693 1370; x_wconf 87' lang='lat' dir='ltr'><strong>optime</strong></span> <span class='ocrx_word' id='word_1_74' title='bbox 722 1313 774 1352; x_wconf 83' lang='lat' dir='ltr'><strong>et</strong></span> <span class='ocrx_word' id='word_1_75' title='bbox 801 1307 1090 1351; x_wconf 80' lang='lat' dir='ltr'><strong>suavissime</strong></span> <span class='ocrx_word' id='word_1_76' title='bbox 1118 1302 1291 1358; x_wconf 86' lang='lat' dir='ltr'><strong>frater,</strong></span> <span class='ocrx_word' id='word_1_77' title='bbox 1320 1303 1383 1349; x_wconf 83' lang='lat' dir='ltr'><strong>ad</strong></span> <span class='ocrx_word' id='word_1_78' title='bbox 1411 1319 1471 1349; x_wconf 84' lang='lat' dir='ltr'><strong>ea</strong></span> <span class='ocrx_word' id='word_1_79' title='bbox 1498 1303 1617 1348; x_wconf 84' lang='lat' dir='ltr'><strong>(lum</strong></span> <span class='ocrx_word' id='word_1_80' title='bbox 1645 1319 1718 1348; x_wconf 90' lang='lat' dir='ltr'><strong>re-</strong></span> 
     </span>
     <span class='ocr_line' id='line_1_13' title="bbox 233 1389 1718 1459; baseline -0.008 -13"><span class='ocrx_word' id='word_1_81' title='bbox 233 1399 410 1453; x_wconf 86' lang='lat' dir='ltr'><strong>scribo,</strong></span> <span class='ocrx_word' id='word_1_82' title='bbox 437 1413 566 1459; x_wconf 80' lang='lat' dir='ltr'><strong>quae</strong></span> <span class='ocrx_word' id='word_1_83' title='bbox 598 1402 654 1441; x_wconf 90' lang='lat' dir='ltr'><strong>tu</strong></span> <span class='ocrx_word' id='word_1_84' title='bbox 683 1397 733 1440; x_wconf 87' lang='lat' dir='ltr'><strong>in</strong></span> <span class='ocrx_word' id='word_1_85' title='bbox 763 1393 856 1440; x_wconf 79' lang='lat' dir='ltr'><strong>hac</strong></span> <span class='ocrx_word' id='word_1_86' title='bbox 886 1392 1065 1439; x_wconf 86' lang='lat' dir='ltr'><strong>eadem</strong></span> <span class='ocrx_word' id='word_1_87' title='bbox 1095 1392 1232 1438; x_wconf 90' lang='lat' dir='ltr'><strong>brevi</strong></span> <span class='ocrx_word' id='word_1_88' title='bbox 1260 1389 1475 1453; x_wconf 84' lang='lat' dir='ltr'><strong>epistula</strong></span> <span class='ocrx_word' id='word_1_89' title='bbox 1504 1409 1718 1452; x_wconf 75' lang='grc' dir='ltr'>πραγμα-</span> 
     </span>
     <span class='ocr_line' id='line_1_14' title="bbox 233 1476 1717 1544; baseline -0.006 -12"><span class='ocrx_word' id='word_1_90' title='bbox 233 1486 370 1535; x_wconf 71' lang='grc' dir='ltr'>τικῶς</span> <span class='ocrx_word' id='word_1_91' title='bbox 399 1484 543 1531; x_wconf 82' lang='lat' dir='ltr'><strong>valde</strong></span> <span class='ocrx_word' id='word_1_92' title='bbox 573 1484 825 1544; x_wconf 80' lang='lat' dir='ltr'><strong>scripsisti.</strong></span> <span class='ocrx_word' id='word_1_93' title='bbox 904 1481 983 1526; x_wconf 85' lang='lat' dir='ltr'><strong>Dc</strong></span> <span class='ocrx_word' id='word_1_94' title='bbox 1013 1497 1111 1543; x_wconf 85' lang='lat' dir='ltr'><strong>quo</strong></span> <span class='ocrx_word' id='word_1_95' title='bbox 1140 1482 1288 1541; x_wconf 80' lang='lat' dir='ltr'><strong>petis,</strong></span> <span class='ocrx_word' id='word_1_96' title='bbox 1318 1485 1376 1525; x_wconf 87' lang='lat' dir='ltr'><strong>ut</strong></span> <span class='ocrx_word' id='word_1_97' title='bbox 1409 1478 1472 1525; x_wconf 86' lang='lat' dir='ltr'><strong>ad</strong></span> <span class='ocrx_word' id='word_1_98' title='bbox 1501 1485 1571 1533; x_wconf 85' lang='lat' dir='ltr'><strong>te,</strong></span> <span class='ocrx_word' id='word_1_99' title='bbox 1600 1476 1717 1524; x_wconf 85' lang='lat' dir='ltr'><strong>nihil</strong></span> 
     </span>
     <span class='ocr_line' id='line_1_15' title="bbox 232 1565 1717 1629; baseline -0.007 -8"><span class='ocrx_word' id='word_1_100' title='bbox 232 1573 503 1627; x_wconf 82' lang='lat' dir='ltr'><strong>occultans,</strong></span> <span class='ocrx_word' id='word_1_101' title='bbox 532 1570 650 1617; x_wconf 87' lang='lat' dir='ltr'><strong>nihil</strong></span> <span class='ocrx_word' id='word_1_102' title='bbox 677 1568 1009 1623; x_wconf 73' lang='lat' dir='ltr'><strong>dissimulans,</strong></span> <span class='ocrx_word' id='word_1_103' title='bbox 1037 1566 1157 1613; x_wconf 85' lang='lat' dir='ltr'><strong>nihil</strong></span> <span class='ocrx_word' id='word_1_104' title='bbox 1182 1568 1274 1613; x_wconf 85' lang='lat' dir='ltr'><strong>tibi</strong></span> <span class='ocrx_word' id='word_1_105' title='bbox 1301 1565 1584 1629; x_wconf 80' lang='lat' dir='ltr'><strong>indulgens,</strong></span> <span class='ocrx_word' id='word_1_106' title='bbox 1608 1583 1717 1629; x_wconf 82' lang='lat' dir='ltr'><strong>ger-</strong></span> 
     </span>
     <span class='ocr_line' id='line_1_16' title="bbox 231 1652 1717 1721; baseline -0.005 -13"><span class='ocrx_word' id='word_1_107' title='bbox 231 1678 379 1708; x_wconf 83' lang='lat' dir='ltr'><strong>mane</strong></span> <span class='ocrx_word' id='word_1_108' title='bbox 412 1659 738 1721; x_wconf 84' lang='lat' dir='ltr'><strong>fraterneque</strong></span> <span class='ocrx_word' id='word_1_109' title='bbox 770 1657 1056 1710; x_wconf 82' lang='lat' dir='ltr'><strong>rescribam,</strong></span> <span class='ocrx_word' id='word_1_110' title='bbox 1089 1655 1139 1701; x_wconf 93' lang='lat' dir='ltr'><strong>id</strong></span> <span class='ocrx_word' id='word_1_111' title='bbox 1172 1661 1266 1709; x_wconf 88' lang='lat' dir='ltr'><strong>est,</strong></span> <span class='ocrx_word' id='word_1_112' title='bbox 1299 1661 1468 1700; x_wconf 88' lang='lat' dir='ltr'><strong>utrum</strong></span> <span class='ocrx_word' id='word_1_113' title='bbox 1501 1652 1717 1709; x_wconf 85' lang='lat' dir='ltr'><strong>advoles,</strong></span> 
     </span>
     <span class='ocr_line' id='line_1_17' title="bbox 231 1743 1716 1806; baseline -0.007 -10"><span class='ocrx_word' id='word_1_114' title='bbox 231 1757 289 1797; x_wconf 82' lang='lat' dir='ltr'><strong>ut</strong></span> <span class='ocrx_word' id='word_1_115' title='bbox 325 1749 615 1801; x_wconf 84' lang='lat' dir='ltr'><strong>dixerimus,</strong></span> <span class='ocrx_word' id='word_1_116' title='bbox 653 1762 717 1791; x_wconf 85' lang='lat' dir='ltr'><strong>an</strong></span> <span class='ocrx_word' id='word_1_117' title='bbox 754 1744 818 1791; x_wconf 86' lang='lat' dir='ltr'><strong>ad</strong></span> <span class='ocrx_word' id='word_1_118' title='bbox 856 1743 1230 1806; x_wconf 81' lang='lat' dir='ltr'><strong>expediendum</strong></span> <span class='ocrx_word' id='word_1_119' title='bbox 1268 1748 1338 1797; x_wconf 84' lang='lat' dir='ltr'><strong>te,</strong></span> <span class='ocrx_word' id='word_1_120' title='bbox 1375 1744 1415 1788; x_wconf 91' lang='lat' dir='ltr'><strong>si</strong></span> <span class='ocrx_word' id='word_1_121' title='bbox 1451 1757 1602 1787; x_wconf 85' lang='lat' dir='ltr'><strong>causa</strong></span> <span class='ocrx_word' id='word_1_122' title='bbox 1637 1744 1716 1796; x_wconf 89' lang='lat' dir='ltr'><strong>sit,</strong></span> 
     </span>
     <span class='ocr_line' id='line_1_18' title="bbox 231 1828 1715 1892; baseline -0.007 -9"><span class='ocrx_word' id='word_1_123' title='bbox 231 1836 662 1888; x_wconf 76' lang='lat' dir='ltr'><strong>commorere—si,</strong></span> <span class='ocrx_word' id='word_1_124' title='bbox 688 1835 755 1878; x_wconf 90' lang='lat' dir='ltr'><strong>mi</strong></span> <span class='ocrx_word' id='word_1_125' title='bbox 782 1832 990 1890; x_wconf 82' lang='lat' dir='ltr'><strong>Quinte,</strong></span> <span class='ocrx_word' id='word_1_126' title='bbox 1017 1847 1169 1892; x_wconf 79' lang='lat' dir='ltr'><strong>parva</strong></span> <span class='ocrx_word' id='word_1_127' title='bbox 1196 1828 1362 1892; x_wconf 82' lang='lat' dir='ltr'><strong>aliqua</strong></span> <span class='ocrx_word' id='word_1_128' title='bbox 1386 1845 1465 1875; x_wconf 89' lang='lat' dir='ltr'><strong>res</strong></span> <span class='ocrx_word' id='word_1_129' title='bbox 1492 1834 1642 1883; x_wconf 86' lang='lat' dir='ltr'><strong>esset,</strong></span> <span class='ocrx_word' id='word_1_130' title='bbox 1668 1831 1715 1874; x_wconf 91' lang='lat' dir='ltr'><strong>in</strong></span> 
     </span>
     <span class='ocr_line' id='line_1_19' title="bbox 232 1916 1716 1988; baseline -0.007 -17"><span class='ocrx_word' id='word_1_131' title='bbox 232 1942 331 1988; x_wconf 83' lang='lat' dir='ltr'><strong>qua</strong></span> <span class='ocrx_word' id='word_1_132' title='bbox 364 1926 689 1976; x_wconf 84' lang='lat' dir='ltr'><strong>sciscitarere,</strong></span> <span class='ocrx_word' id='word_1_133' title='bbox 724 1919 844 1982; x_wconf 89' lang='lat' dir='ltr'><strong>quid</strong></span> <span class='ocrx_word' id='word_1_134' title='bbox 879 1918 1076 1973; x_wconf 77' lang='lat' dir='ltr'><strong>vellem,</strong></span> <span class='ocrx_word' id='word_1_135' title='bbox 1110 1924 1301 1972; x_wconf 81' lang='lat' dir='ltr'><strong>tamen,</strong></span> <span class='ocrx_word' id='word_1_136' title='bbox 1333 1933 1449 1963; x_wconf 90' lang='lat' dir='ltr'><strong>cum</strong></span> <span class='ocrx_word' id='word_1_137' title='bbox 1482 1916 1573 1963; x_wconf 86' lang='lat' dir='ltr'><strong>tibi</strong></span> <span class='ocrx_word' id='word_1_138' title='bbox 1606 1932 1716 1978; x_wconf 91' lang='lat' dir='ltr'><strong>pcr-</strong></span> 
     </span>
     <span class='ocr_line' id='line_1_20' title="bbox 231 2004 1715 2068; baseline -0.005 -10"><span class='ocrx_word' id='word_1_139' title='bbox 231 2015 466 2058; x_wconf 76' lang='lat' dir='ltr'><strong>missurus</strong></span> <span class='ocrx_word' id='word_1_140' title='bbox 489 2026 667 2063; x_wconf 88' lang='lat' dir='ltr'><strong>essem,</strong></span> <span class='ocrx_word' id='word_1_141' title='bbox 688 2015 745 2054; x_wconf 83' lang='lat' dir='ltr'><strong>ut</strong></span> <span class='ocrx_word' id='word_1_142' title='bbox 765 2006 973 2061; x_wconf 78' lang='lat' dir='ltr'><strong>faceres,</strong></span> <span class='ocrx_word' id='word_1_143' title='bbox 994 2005 1128 2068; x_wconf 86' lang='lat' dir='ltr'><strong>quod</strong></span> <span class='ocrx_word' id='word_1_144' title='bbox 1149 2004 1318 2059; x_wconf 84' lang='lat' dir='ltr'><strong>velles,</strong></span> <span class='ocrx_word' id='word_1_145' title='bbox 1339 2020 1434 2067; x_wconf 89' lang='lat' dir='ltr'><strong>ego</strong></span> <span class='ocrx_word' id='word_1_146' title='bbox 1453 2006 1577 2066; x_wconf 88' lang='lat' dir='ltr'><strong>ipsc,</strong></span> <span class='ocrx_word' id='word_1_147' title='bbox 1597 2004 1715 2066; x_wconf 84' lang='lat' dir='ltr'><strong>quid</strong></span> 
     </span>
     <span class='ocr_line' id='line_1_21' title="bbox 232 2089 1715 2153; baseline -0.005 -8"><span class='ocrx_word' id='word_1_148' title='bbox 232 2099 428 2153; x_wconf 74' lang='lat' dir='ltr'><strong>vellem,</strong></span> <span class='ocrx_word' id='word_1_149' title='bbox 469 2096 804 2143; x_wconf 61' lang='lat' dir='ltr'><strong>ostenderem.</strong></span> <span class='ocrx_word' id='word_1_150' title='bbox 882 2094 938 2139; x_wconf 93' lang='lat' dir='ltr'><strong>In</strong></span> <span class='ocrx_word' id='word_1_151' title='bbox 979 2093 1070 2139; x_wconf 77' lang='lat' dir='ltr'><strong>hac</strong></span> <span class='ocrx_word' id='word_1_152' title='bbox 1111 2110 1226 2138; x_wconf 80' lang='lat' dir='ltr'><strong>vcro</strong></span> <span class='ocrx_word' id='word_1_153' title='bbox 1267 2109 1318 2137; x_wconf 89' lang='lat' dir='ltr'><strong>rc</strong></span> <span class='ocrx_word' id='word_1_154' title='bbox 1359 2090 1451 2137; x_wconf 85' lang='lat' dir='ltr'><strong>hoc</strong></span> <span class='ocrx_word' id='word_1_155' title='bbox 1491 2089 1715 2153; x_wconf 81' lang='lat' dir='ltr'><strong>profecto</strong></span> 
     </span>
     <span class='ocr_line' id='line_1_22' title="bbox 231 2181 1714 2250; baseline -0.007 -17"><span class='ocrx_word' id='word_1_156' title='bbox 231 2188 446 2250; x_wconf 84' lang='lat' dir='ltr'><strong>quaeris,</strong></span> <span class='ocrx_word' id='word_1_157' title='bbox 485 2183 761 2231; x_wconf 73' lang='lat' dir='ltr'><strong>cuiusmodi</strong></span> <span class='ocrx_word' id='word_1_158' title='bbox 800 2181 938 2228; x_wconf 90' lang='lat' dir='ltr'><strong>illum</strong></span> <span class='ocrx_word' id='word_1_159' title='bbox 979 2197 1183 2236; x_wconf 83' lang='lat' dir='ltr'><strong>anuum,</strong></span> <span class='ocrx_word' id='word_1_160' title='bbox 1224 2182 1308 2243; x_wconf 90' lang='lat' dir='ltr'><strong>qui</strong></span> <span class='ocrx_word' id='word_1_161' title='bbox 1348 2181 1591 2242; x_wconf 87' lang='lat' dir='ltr'><strong>sequitur,</strong></span> <span class='ocrx_word' id='word_1_162' title='bbox 1632 2194 1714 2224; x_wconf 86' lang='lat' dir='ltr'><strong>ex-</strong></span> 
     </span>
     <span class='ocr_line' id='line_1_23' title="bbox 230 2267 1714 2336; baseline -0.006 -16"><span class='ocrx_word' id='word_1_163' title='bbox 230 2280 490 2336; x_wconf 86' lang='lat' dir='ltr'><strong>spectem;</strong></span> <span class='ocrx_word' id='word_1_164' title='bbox 553 2271 700 2333; x_wconf 85' lang='lat' dir='ltr'><strong>plane</strong></span> <span class='ocrx_word' id='word_1_165' title='bbox 745 2277 834 2316; x_wconf 75' lang='lat' dir='ltr'><strong>aut,</strong></span> <span class='ocrx_word' id='word_1_166' title='bbox 876 2267 1201 2331; x_wconf 83' lang='lat' dir='ltr'><strong>tranquillum</strong></span> <span class='ocrx_word' id='word_1_167' title='bbox 1246 2267 1403 2322; x_wconf 85' lang='lat' dir='ltr'><strong>nobis,</strong></span> <span class='ocrx_word' id='word_1_168' title='bbox 1447 2273 1536 2312; x_wconf 84' lang='lat' dir='ltr'><strong>aut</strong></span> <span class='ocrx_word' id='word_1_169' title='bbox 1577 2272 1714 2312; x_wconf 85' lang='lat' dir='ltr'><strong>certe</strong></span> 
     </span>
     <span class='ocr_line' id='line_1_24' title="bbox 230 2351 1714 2420; baseline -0.006 -13"><span class='ocrx_word' id='word_1_170' title='bbox 230 2364 653 2414; x_wconf 82' lang='lat' dir='ltr'><strong>munitissimum;</strong></span> <span class='ocrx_word' id='word_1_171' title='bbox 707 2357 840 2420; x_wconf 90' lang='lat' dir='ltr'><strong>quod</strong></span> <span class='ocrx_word' id='word_1_172' title='bbox 877 2356 1102 2419; x_wconf 82' lang='lat' dir='ltr'><strong>quotidie</strong></span> <span class='ocrx_word' id='word_1_173' title='bbox 1137 2355 1331 2409; x_wconf 87' lang='lat' dir='ltr'><strong>domus,</strong></span> <span class='ocrx_word' id='word_1_174' title='bbox 1367 2353 1501 2416; x_wconf 91' lang='lat' dir='ltr'><strong>quod</strong></span> <span class='ocrx_word' id='word_1_175' title='bbox 1536 2351 1714 2408; x_wconf 89' lang='lat' dir='ltr'><strong>forum,</strong></span> 
     </span>
    </p>
   </div>
   <div class='ocr_carea' id='block_1_4' title="bbox 1281 2444 1430 2448">
    <p class='ocr_par' dir='ltr' id='par_1_5' title="bbox 1281 2444 1430 2448">
     <span class='ocr_line' id='line_1_25' title="bbox 1281 2444 1430 2448; baseline 0 0"><span class='ocrx_word' id='word_1_176' title='bbox 1281 2444 1430 2448; x_wconf 95' lang='lat' dir='ltr'><strong> </strong></span> 
     </span>
    </p>
   </div>
   <div class='ocr_carea' id='block_1_5' title="bbox 706 2447 948 2451">
    <p class='ocr_par' dir='ltr' id='par_1_6' title="bbox 706 2447 948 2451">
     <span class='ocr_line' id='line_1_26' title="bbox 706 2447 948 2451; baseline 0 0"><span class='ocrx_word' id='word_1_177' title='bbox 706 2447 948 2451; x_wconf 95' lang='lat' dir='ltr'><strong> </strong></span> 
     </span>
    </p>
   </div>
   <div class='ocr_carea' id='block_1_6' title="bbox 558 2448 703 2454">
    <p class='ocr_par' dir='ltr' id='par_1_7' title="bbox 558 2448 703 2454">
     <span class='ocr_line' id='line_1_27' title="bbox 558 2448 703 2454; baseline 0 0"><span class='ocrx_word' id='word_1_178' title='bbox 558 2448 703 2454; x_wconf 95' lang='lat' dir='ltr'><strong> </strong></span> 
     </span>
    </p>
   </div>
   <div class='ocr_carea' id='block_1_7' title="bbox 233 2443 1714 2588">
    <p class='ocr_par' dir='ltr' id='par_1_8' title="bbox 233 2443 1714 2588">
     <span class='ocr_line' id='line_1_28' title="bbox 260 2443 1714 2576; baseline -0.006 -54"><span class='ocrx_word' id='word_1_179' title='bbox 260 2488 310 2576; x_wconf 66' lang='lat'><strong>1⁰</strong></span> <span class='ocrx_word' id='word_1_180' title='bbox 333 2481 543 2576; x_wconf 50' lang='lat' dir='ltr'><strong>l{&#39;‹›lits}1ed</strong></span> <span class='ocrx_word' id='word_1_181' title='bbox 590 2494 638 2521; x_wconf 84' lang='lat' dir='ltr'><strong>or</strong></span> <span class='ocrx_word' id='word_1_182' title='bbox 679 2477 908 2520; x_wconf 87' lang='lat' dir='ltr'><strong>smoothed</strong></span> <span class='ocrx_word' id='word_1_183' title='bbox 954 2446 1175 2517; x_wconf 39' lang='lat' dir='ltr'><strong>lein—t-he</strong></span> <span class='ocrx_word' id='word_1_184' title='bbox 1218 2477 1323 2516; x_wconf 75' lang='lat' dir='ltr'><strong>dens</strong></span> <span class='ocrx_word' id='word_1_185' title='bbox 1367 2444 1508 2527; x_wconf 79' lang='lat' dir='ltr'><strong>(tusk)</strong></span> <span class='ocrx_word' id='word_1_186' title='bbox 1553 2472 1601 2514; x_wconf 88' lang='lat' dir='ltr'><strong>of</strong></span> <span class='ocrx_word' id='word_1_187' title='bbox 1643 2443 1714 2514; x_wconf 71' lang='lat' dir='ltr'><strong>the</strong></span> 
     </span>
     <span class='ocr_line' id='line_1_29' title="bbox 233 2550 452 2588; baseline -0.005 -11"><span class='ocrx_word' id='word_1_188' title='bbox 233 2552 255 2577; x_wconf 85' lang='lat' dir='ltr'><strong>e</strong></span> <span class='ocrx_word' id='word_1_189' title='bbox 275 2550 328 2588; x_wconf 89' lang='lat' dir='ltr'><strong>ep</strong></span> <span class='ocrx_word' id='word_1_190' title='bbox 362 2550 419 2576; x_wconf 88' lang='lat' dir='ltr'><strong>an</strong></span> <span class='ocrx_word' id='word_1_191' title='bbox 443 2566 452 2576; x_wconf 93' lang='lat'>.</span> 
     </span>
    </p>
   </div>
   <div class='ocr_carea' id='block_1_8' title="bbox 238 2607 330 2648">
    <p class='ocr_par' dir='ltr' id='par_1_9' title="bbox 238 2607 330 2648">
     <span class='ocr_line' id='line_1_30' title="bbox 238 2607 330 2648; baseline 0 0"><span class='ocrx_word' id='word_1_192' title='bbox 238 2607 330 2648; x_wconf 84' lang='lat'><strong>536</strong></span> 
     </span>
    </p>
   </div>
  </div>
 </body>
</html>
