1837 3029
857 200 1107 248 CICERO

238 333 476 397 primum¹
500 333 645 380 lictor
669 335 878 395 quievit,
902 334 1063 378 tacuit
1087 347 1342 388 accensus,
1368 335 1567 395 quoties
1592 335 1714 396 quis·

239 427 338 474 que
374 410 548 465 voluit,
580 410 726 463 dixit,
760 416 813 455 et
849 425 1001 471 quam
1038 407 1195 454 voluit
1230 409 1330 455 diu.
1412 407 1607 467 Quibus
1639 409 1722 456 ille

236 489 385 534 rebus
410 487 623 533 fortasse
650 489 796 531 nimis
821 484 946 532 lenis
974 485 1247 540 videretur,
1273 488 1365 531 nisi
1391 484 1517 532 haec
1542 485 1722 533 lenitas

236 565 371 610 illam
438 566 763 610 severitatem
829 568 1076 608 tueretur.
1145 561 1472 625 Cogebantur
1536 561 1722 609 Sullani

237 640 481 695 homines,
539 655 669 702 quae
727 655 817 701 per
875 641 972 684 vim
1031 645 1084 685 et
1141 644 1335 685 metum
1393 639 1724 695 abstulerant,

236 718 465 764 reddere.
535 716 632 774 Qui
654 720 703 761 in
725 716 1103 778 magistratibus
1126 718 1357 761 iniuriose
1379 715 1724 772 decreverant,

237 794 417 841 eodem
441 796 556 855 ipsis
578 795 784 854 privatis
807 800 917 838 erat
940 796 1045 838 iure
1069 792 1363 854 parendum.
1434 791 1574 839 Haec
1595 792 1723 840 illius

236 874 477 917 severitas
518 870 699 916 acerba
737 869 1010 923 videretur,
1050 871 1140 914 nisi
1182 868 1352 915 multis
1391 869 1724 916 condimentis

192 964 199 972 ·
238 948 566 994 humanitatis
588 949 923 1009 mitigaretur.
992 945 1141 1003 Quod
1164 949 1204 991 si
1227 944 1352 991 haee
1374 944 1556 992 lenitas
1578 954 1726 1010 grata

241 1024 429 1071 Romae
452 1030 547 1078 est,
568 1024 653 1069 ubi
674 1029 821 1068 tanta
842 1025 1128 1085 arrogantia
1151 1028 1245 1077 est,
1266 1029 1372 1068 tam
1393 1023 1727 1071 immoderata

238 1099 462 1155 libertas,
492 1107 599 1146 tam
629 1099 826 1145 infinita
856 1097 1114 1145 hominum
1144 1097 1366 1154 licentia,
1397 1099 1616 1162 denique
1647 1107 1726 1148 tot

238 1181 581 1241 magistratus,
634 1183 713 1222 tot
765 1175 966 1231 auxilia,
1018 1182 1165 1221 tanta
1218 1179 1288 1222 vis
1341 1175 1529 1238 populi,
1581 1184 1726 1224 tanta

238 1261 444 1300 senatus
479 1255 768 1307 auctoritas,
802 1269 954 1314 quam
988 1252 1206 1298 iucunda
1238 1253 1448 1299 tandem
1481 1258 1726 1316 praetoris

238 1334 448 1378 comitas
476 1333 528 1376 in
558 1332 680 1376 Asia
709 1336 879 1391 potest
911 1345 1037 1384 esse,
1068 1332 1119 1375 in
1150 1346 1249 1392 qua
1279 1336 1426 1375 tanta
1455 1330 1726 1378 multitudo

237 1412 436 1462 civium,
462 1414 609 1454 tanta
633 1410 896 1462 sociorum,
921 1413 1002 1452 tot
1028 1407 1194 1462 urbes,
1221 1413 1300 1452 tot
1325 1410 1555 1454 civitates
1582 1411 1726 1454 unius

237 1485 451 1532 hominis
476 1491 659 1530 nutum
686 1487 949 1529 intuentur
971 1484 988 1529 ?
1035 1484 1119 1530 ubi
1146 1483 1337 1529 nullum
1365 1483 1605 1531 auxilium
1632 1493 1727 1541 est,

240 1562 376 1608 nulla
436 1564 748 1624 conquest10‚
811 1560 973 1606 nuilus
1036 1567 1260 1616 senatus,
1322 1559 1459 1607 nulla
1519 1563 1726 1608 contio?

243 1638 412 1697 Quare
441 1654 554 1684 cum
589 1636 809 1699 semper2
840 1640 1009 1700 magni
1038 1636 1251 1683 hominis
1282 1644 1377 1693 est,
1402 1644 1456 1684 et
1483 1654 1597 1684 cum
1620 1641 1728 1701 ipsa

242 1723 424 1762 natura
447 1715 713 1769 moderati,
733 1721 842 1760 tum
868 1730 984 1760 vero
1006 1716 1160 1760 etiam
1180 1714 1407 1761 doctrina
1426 1721 1581 1779 atque
1600 1718 1728 1778 opti-

241 1808 436 1838 marum
463 1795 647 1837 artium
671 1791 849 1837 studiis
870 1791 1071 1846 eruditi,
1088 1793 1156 1837 sic
1175 1807 1228 1837 se
1249 1790 1490 1838 adhibere
1507 1794 1559 1838 in
1582 1798 1730 1839 tanta

242 1874 518 1930 potestate,
553 1874 609 1913 ut
643 1867 777 1913 nulla
811 1867 907 1912 alia
940 1874 1166 1929 potestas
1202 1869 1266 1914 ab
1298 1871 1374 1923 iis,
1408 1868 1588 1930 quibus
1621 1871 1728 1930 ipse

165 1953 218 1992 23
242 1949 448 2007 praesit,
473 1945 803 1991 desideretur.
874 1944 1014 1990 VIII.
1043 1944 1202 2007 Cyrus
1227 1944 1309 1990 ille
1336 1961 1366 1990 a
1391 1945 1728 2007 Xenophonte

243 2038 341 2069 non
369 2022 433 2068 ad
460 2021 697 2068 historiae
726 2021 874 2068 fidem
904 2025 1134 2083 scriptus,
1161 2022 1250 2068 sed
1278 2022 1342 2068 ad
1369 2022 1585 2086 effigiem
1613 2026 1728 2069 iusti

673 2107 687 2131 ¹
722 2107 1003 2159 Malas-pina:
1036 2109 1203 2159 primus
1226 2120 1324 2149 MSS.

673 2161 689 2185 ²
719 2162 851 2202 Boot:
882 2175 982 2202 cum
1006 2163 1237 2214 permagni
1263 2161 1326 2202 M.

308 2283 327 2301 ⁰
358 2276 537 2316 Sullani
567 2277 757 2317 homines
780 2291 829 2317 or
855 2277 1034 2317 Sullani
1060 2291 1320 2328 possessores
1344 2290 1432 2317 was
1459 2277 1531 2317 the
1557 2276 1730 2329 regular

253 2336 362 2372 term
384 2333 450 2370 for
465 2331 538 2371 the
560 2330 704 2383 illegal
724 2333 989 2382 proprietors
1005 2331 1168 2371 ofiand
1190 2330 1453 2371 confiscated
1475 2330 1534 2382 by
1551 2331 1729 2372 Sulla-*-

250 2397 352 2425 men
373 2385 471 2425 who
498 2384 584 2424 had
613 2385 822 2425 obtained
849 2387 1093 2437 possession
1115 2386 1166 2425 of
1187 2385 1260 2425 the
1288 2383 1390 2425 land
1420 2384 1478 2437 by
1499 2384 1672 2438 buying
1699 2388 1729 2426 it

249 2440 365 2479 from
381 2438 455 2478 the
470 2438 650 2479 soitliers
665 2442 711 2479 to
725 2439 868 2479 whom
885 2440 916 2480 it
931 2439 1017 2479 had
1035 2438 1143 2479 been
1161 2438 1382 2490 assigned,
1397 2451 1447 2479 or
1458 2440 1727 2479 encroached

249 2505 306 2533 on
323 2505 410 2543 any
432 2492 533 2532 land
553 2492 843 2545 unassignedz
874 2493 940 2532 for
958 2492 1082 2533 Sulla
1100 2492 1187 2532 had
1204 2492 1468 2534 confiscated
1487 2505 1605 2534 more
1625 2493 1727 2535 land

251 2546 359 2586 than
383 2559 469 2587 was
490 2559 719 2599 necessary
739 2551 785 2588 to
804 2548 959 2599 satisfy
980 2550 1053 2587 the
1073 2546 1269 2590 soldiers.

254 2619 350 2658 410
