1837 3029
859 132 1110 179 CICERO

243 261 395 324 legati
445 265 588 324 primi
638 261 756 308 mihi
808 265 1122 317 nuntiarunt,
1171 261 1467 308 Parthorum
1518 276 1723 324 magnas

242 336 409 394 copias
458 332 754 394 Euphraten
805 336 1016 378 transire
1065 336 1304 394 coepisse.
1388 332 1501 390 Quo
1549 334 1726 378 nuntio

244 402 413 457 allato,
432 420 544 448 cum
566 409 735 449 essent
754 402 996 457 nonnulli,
1015 406 1099 465 qui
1121 406 1164 447 ei
1185 406 1290 465 regi
1311 405 1554 449 minorem
1575 401 1724 448 fidem

243 471 528 519 habendam
572 480 832 535 putarent,
874 476 1029 519 statui
1075 473 1474 535 exspectandum
1518 487 1645 526 esse,
1686 473 1725 517 si

243 544 364 604 quid
389 548 573 589 certius
599 543 876 590 afferretur.
935 544 997 589 A.
1025 544 1072 590 d.
1100 560 1208 589 xm.
1239 542 1493 589 Kalendas
1519 541 1724 588 Octobr.

242 629 355 658 cum
415 617 693 660 exercitum
751 617 800 659 in
856 614 1077 660 Ciliciam
1131 615 1386 668 ducerem,
1437 616 1487 658 in
1547 611 1726 657 finibus

244 682 528 745 Lycaoniae
550 692 603 731 et
624 685 973 746 Cappadociae
994 684 1115 730 mihi
1135 684 1337 731 litterae
1357 683 1588 730 redditae
1609 687 1728 727 sunt

243 770 271 798 a
293 754 697 811 Tarcondimoto,
720 759 804 818 qui
828 755 1142 803 fidelissimus
1165 758 1325 801 socius
1346 761 1485 801 trans
1505 753 1725 799 Taurum

238 828 665 887 amicissimusque
681 826 851 888 populi
868 825 1078 872 Romani
1097 829 1439 878 existimatum
1466 823 1726 876 Pacorum,

243 894 416 943 Orodi,
442 900 573 956 regis
602 896 919 952 Parthorum,
946 897 1119 951 filium,
1146 913 1258 942 cum
1285 911 1562 957 permagno
1589 894 1726 955 equi-

242 970 355 1011 tatu
381 965 613 1012 Parthico
637 971 874 1013 transisse
900 967 1214 1029 Euphraten,
1240 973 1292 1011 et
1316 972 1481 1011 castra
1503 965 1725 1025 posuisse

239 1033 432 1097 Tybae,
451 1053 795 1100 magnumque
815 1037 1090 1083 tumultum
1113 1053 1221 1082 esse
1242 1039 1292 1081 in
1312 1037 1563 1097 provincia
1583 1032 1726 1096 Syria

241 1109 536 1153 excitatum.
612 1108 805 1154 Eodem
859 1109 939 1155 die
993 1109 1056 1153 ab
1110 1106 1403 1161 Iamblicho,
1452 1102 1726 1168 phylarcho

241 1176 485 1233 Arabum,
510 1195 660 1240 quem
688 1178 915 1225 homines
940 1182 1210 1240 opinantur
1234 1178 1365 1223 bene
1391 1178 1579 1222 sentire
1605 1175 1725 1219 ami-

240 1263 455 1309 cumque
487 1265 594 1294 esse
624 1249 930 1310 reipublicae
960 1256 1180 1303 nostrae,
1208 1247 1410 1293 litterae
1440 1246 1503 1292 de
1534 1244 1722 1291 eisdem

194 1318 389 1363 3rebus
433 1318 553 1364 mihi
595 1320 826 1366 redditae
869 1327 1002 1365 sunt.
1080 1319 1171 1366 His
1213 1319 1362 1364 rebus
1406 1316 1586 1371 allatis,
1629 1317 1722 1360 etsi

238 1387 600 1451 intellegebam
620 1393 777 1436 socios
795 1390 991 1435 infirme
1013 1392 1260 1435 animatos
1282 1403 1390 1434 esse
1412 1394 1465 1433 et
1484 1401 1723 1432 novarum

240 1475 406 1505 rerum
426 1464 808 1522 exspectatione
826 1477 1111 1522 suspenSOS,
1128 1459 1394 1522 sperabam
1412 1465 1604 1511 tamen,
1622 1471 1724 1511 eos,

241 1530 305 1575 ad
342 1547 465 1591 quos
501 1534 600 1576 iarn
637 1547 963 1586 accesseram,
1005 1534 1192 1593 quique
1234 1537 1457 1576 nostram
1493 1543 1724 1574 mansue-

241 1601 470 1647 tudinem
524 1605 979 1665 integritatemque
1030 1607 1414 1664 perspexerant,
1467 1602 1723 1645 amiciores

240 1672 426 1733 populo
456 1673 682 1719 Romano
712 1689 820 1719 esse
850 1672 1010 1719 factos
1034 1688 1044 1727 3
1089 1672 1311 1718 Ciliciam
1342 1678 1514 1718 autem
1544 1671 1724 1716 firmio-

241 1758 347 1788 rem
402 1741 527 1797 fore,
581 1747 620 1789 si
685 1746 958 1806 aequitatis
1021 1750 1223 1789 nostrae
1281 1745 1533 1804 particeps
1588 1739 1725 1787 facta

241 1821 391 1859 esset.
460 1814 527 1859 Et
560 1815 624 1860 ob
659 1831 771 1860 eam
805 1830 1026 1868 causam,
1061 1821 1114 1859 et
1148 1821 1206 1859 ut
1238 1816 1644 1875 opprimerentur
1673 1813 1724 1866 ii,

242 1886 326 1944 qui
354 1900 414 1929 ex
443 1884 649 1930 Cilicum
677 1892 833 1943 gente
859 1887 909 1929 in
936 1887 1084 1929 armis
1111 1892 1298 1938 essent,
1325 1891 1378 1930 et
1405 1890 1461 1928 ut
1486 1882 1643 1928 hostis
1666 1884 1724 1935 is,

241 1956 325 2015 qui
359 1961 493 2000 esset
524 1957 573 1999 in
607 1954 767 2017 Syria,
798 1957 949 2000 sciret
981 1957 1260 2000 exercitum
1301 1952 1471 2015 populi
1514 1953 1723 1997 Romani

303 2123 321 2141 ⁰
353 2118 457 2158 This
483 2117 608 2169 king,
633 2118 897 2159 established
923 2132 978 2158 on
1007 2119 1072 2158 his
1097 2119 1253 2159 throne
1277 2117 1337 2169 by
1364 2117 1561 2168 Pompey
1586 2117 1629 2156 in
1654 2118 1723 2162 64,

246 2172 423 2223 rvigncd
465 2174 506 2211 in
551 2173 712 2212 Mount
754 2173 967 2212 Amanus
1041 2173 1106 2212 lle
1145 2172 1303 2224 fought
1341 2185 1398 2211 on
1438 2173 1511 2211 the
1549 2170 1641 2211 side
1678 2171 1728 2209 of

250 2226 443 2276 l'ompey
463 2231 509 2266 at.
530 2227 770 2272 Pharsalia,
786 2226 873 2266 and
895 2227 1063 2278 though
1086 2225 1310 2277 pardoned
1331 2225 1391 2277 by
1411 2225 1573 2265 Caesar
1591 2226 1634 2264 in
1653 2227 1722 2270 49,

246 2280 404 2327 fought
423 2282 490 2320 for
509 2280 701 2325 Cassius,
720 2280 806 2320 and
828 2280 928 2319 died
954 2285 998 2320 at
1021 2282 1213 2323 Actium.
1233 2280 1423 2331 fighting
1439 2280 1508 2319 for
1526 2279 1723 2329 Antony‚

247 2335 290 2373 in
309 2338 377 2373 31.

305 2387 320 2409 ²³
354 2389 388 2426 A
415 2387 586 2439 dought
641 2389 819 2426 warrior
842 2387 939 2426 who
961 2401 1074 2437 gave
1097 2387 1227 2426 much
1252 2385 1423 2427 trouble
1445 2390 1490 2425 to
1515 2385 1656 2425 Rome
1678 2386 1721 2424 in

245 2440 319 2480 the
342 2441 446 2480 liast
467 2458 477 2486 ;
509 2441 564 2492 cf.
609 2441 696 2481 lor.
722 2441 803 2480 Od.
827 2442 885 2480 iii.
908 2444 947 2481 6.
969 2446 1009 2481 9.

307 2498 321 2517 ⁶
352 2494 443 2535 Son
487 2496 538 2535 of
575 2495 969 2547 Sampsiceramus,
1014 2495 1116 2535 with
1162 2494 1306 2534 whom
1353 2493 1408 2534 he
1449 2492 1606 2533 shared
1647 2491 1721 2533 the

251 2563 343 2604 230
