1837 3029
859 165 1108 212 CICERO

245 291 339 337 ull-i
378 296 424 338 in
461 309 515 338 re
549 293 757 353 ‹liffnum
793 297 999 339 minima
1033 293 1422 372 reprehensione
1454 302 1729 356 putassem,

243 376 355 404 (ιιιιι
405 366 457 405 te
505 354 817 406 sanctissime
864 376 1085 421 gereres,
1133 363 1225 406 nisi
1274 364 1498 408 inimicos
1545 361 1728 409 multos

243 425 559 472 h···1bcicmus.
628 427 707 484 Qu
714 443 772 472 ic
822 428 886 473 ad
933 434 986 473 te
1035 426 1203 490 aliqua
1250 428 1593 474 admonitione
1641 434 1730 474 aut

242 494 594 555 obiurgatione
657 496 846 555 scripsi,
910 497 1080 555 scripsi
1145 502 1352 556 propter
1415 495 1726 559 diligentiam

241 563 486 606 cautionis
509 575 672 615 meae,
694 564 744 606 in
769 577 866 622 qua
892 568 945 606 et
966 577 1148 607 maneo
1171 568 1225 607 et
1246 562 1481 617 manebo,
1502 568 1574 617 et,
1595 562 1728 608 idem

169 634 218 671 14
246 634 299 672 ut
323 625 492 681 facias,
515 644 614 674 non
634 628 874 674 desistam
897 644 1090 690 rogare.
1159 628 1364 675 Attalus
1384 629 1730 692 Hypaepenus

244 710 441 739 mecum
478 697 602 757 egit,
638 701 695 740 ut
729 710 783 741 se
821 710 884 740 ne
920 695 1208 756 impedires,
1243 713 1343 758 quo
1377 699 1560 751 minus,
1595 695 1730 759 quod

244 760 306 806 ad
351 761 412 818 Q.
459 760 650 808 Publici
691 768 914 807 statuam
959 763 1222 808 decretum
1265 769 1362 818 est,
1402 769 1730 827 erogaretur;

243 828 379 889 quod
401 844 495 890 ego
516 834 570 874 te
592 835 645 874 et
665 845 786 891 rogo
809 835 862 874 et
887 829 1153 883 admoneo,
1174 845 1237 875 ne
1259 829 1374 876 talis
1393 833 1502 885 viri,
1521 837 1731 894 tamque

245 897 399 940 nostri
429 898 695 949 necessari,
725 895 966 942 honorem
995 899 1152 942 minui
1181 912 1272 957 per
1300 903 1354 943 te
1384 903 1472 943 aut
1499 897 1729 959 impediri

245 960 380 1007 velis.
449 961 722 1008 Praeterea
758 964 945 1024 Aesopi
983 963 1233 1025 tragoedi,
1267 967 1425 1010 nostri
1459 962 1733 1018 familiaris,

246 1027 464 1074 Licinius
485 1044 675 1083 servus,
697 1030 791 1075 tibi
813 1037 982 1084 notus,
1004 1029 1219 1094 aufugit.
1287 1030 1336 1077 Is
1359 1029 1577 1078 Athenis
1599 1030 1734 1093 apud

244 1094 516 1141 Patronem
542 1096 845 1157 Epicureum
869 1113 960 1159 pro
985 1096 1142 1144 libero
1165 1096 1293 1152 fuit3
1338 1098 1457 1145 inde
1484 1101 1537 1144 in
1560 1098 1734 1145 Asiam

245 1166 398 1208 venit.
467 1163 650 1209 Postea
690 1163 834 1209 Plato
871 1164 1078 1226 quidam
1114 1163 1404 1220 Sardianus,
1440 1165 1735 1227 Epicureus,

245 1233 329 1290 qui
362 1228 575 1275 Athenis
607 1229 736 1276 solet
765 1247 874 1277 esse
906 1231 1143 1286 multum,
1171 1238 1224 1277 et
1260 1235 1345 1294 qui
1380 1238 1490 1278 tum
1520 1231 1736 1278 Athenis

245 1295 369 1341 fuer
361 1304 430 1351 at,
455 1313 568 1342 cum
595 1297 813 1343 Licinius
841 1314 899 1343 eo
924 1301 1162 1352 venisset,
1186 1315 1300 1344 cum
1326 1315 1441 1344 eum
1466 1298 1733 1362 fugitivum

245 1370 424 1424 postea
463 1380 572 1409 esse
612 1380 674 1411 ex
714 1366 902 1426 Aesopi
940 1364 1122 1411 litteris
1159 1372 1444 1425 cognosset,
1481 1365 1736 1412 hominem

245 1429 631 1492 comprehendit
662 1438 715 1477 et
744 1435 794 1477 in
825 1432 1106 1478 custodiam
1138 1426 1325 1494 Ephesi
1355 1433 1600 1480 tradidit·
1590 1468 1600 1487 ‚
1648 1433 1738 1479 sed

246 1500 296 1542 in
336 1497 605 1559 publicam,
645 1514 708 1543 an
746 1502 796 1544 in
835 1502 1120 1559 pistrinum,
1157 1516 1257 1546 non
1295 1502 1416 1546 satis
1456 1515 1518 1546 ex
1556 1499 1738 1546 litteris

248 1567 353 1610 eius
376 1564 674 1625 intellecrere
698 1569 969 1627 potuimus.
1036 1566 1130 1621 Tu,
1153 1583 1356 1628 quoquo
1377 1567 1528 1613 modo
1550 1573 1738 1629 potest,

246 1634 483 1693 quoniam
509 1632 550 1677 E
553 1602 696 1693 phesi
721 1640 816 1688 est,
840 1632 1130 1678 hominem
1118 1637 1392 1697 investiges
1416 1633 1584 1689 velim,
1607 1650 1738 1680 sum-

247 1715 430 1760 maque
451 1698 787 1760 diligentia..
819 1699 852 1746 .1
877 1699 955 1745 vel
982 1707 1150 1746 tecum
1177 1701 1412 1747 deducas.
1463 1700 1575 1747 Noli
1600 1717 1739 1763 spec.-

250 1772 378 1819 tarc,
399 1769 576 1827 quanti
600 1765 749 1812 homo
774 1769 869 1820 sit;
911 1770 1049 1828 parvi
1083 1770 1217 1813 enim
1241 1771 1372 1828 preti
1399 1774 1493 1822 est,
1518 1770 1602 1830 qui
1632 1775 1735 1814 tam

247 1831 366 1877 nihil
382 1832 494 1886 sit23
513 1833 602 1879 sed
621 1840 768 1879 tanto
783 1832 952 1879 dolore
970 1835 1199 1896 Aesopus
1215 1842 1293 1880 est
1309 1834 1519 1881 affectus
1532 1842 1739 1898 propter

245 1902 374 1945 servi
410 1899 570 1946 scelus
607 1908 660 1946 et
696 1901 976 1956 audaciam,
1013 1908 1070 1947 ut
1106 1901 1228 1946 nihil
1263 1905 1309 1948 ei
1343 1905 1538 1965 gratius
1571 1900 1738 1948 facere

286 2006 299 2030 ¹
334 2006 415 2045 'I'he
434 2007 591 2048 lacuna
606 2022 706 2059 may
723 2008 905 2061 befilled
922 2009 974 2059 by
990 2022 1101 2049 some
1118 2009 1221 2050 such
1239 2009 1378 2049 words
1394 2023 1443 2050 as
1460 2008 1527 2050 vel
1546 2009 1736 2050 Romam

253 2062 413 2100 mittas.

289 2114 305 2138 ²
336 2115 497 2155 Orelli:
531 2117 618 2155 iam
642 2115 765 2156 nihili
787 2118 843 2156 sit
862 2117 1021 2156 Nobbe.

308 2230 326 2248 ‘²
358 2225 578 2276 llypaepa
599 2238 688 2265 was
709 2226 753 2265 in
776 2225 934 2276 Lydia.

282 2279 577 2373 f‘’hPi·ol)ably
599 2293 625 2318 a
653 2280 825 2319 Roman
855 2279 1030 2332 knight,
1052 2280 1130 2320 but
1159 2294 1222 2321 we
1249 2280 1381 2321 know
1402 2280 1589 2334 nothing
1618 2295 1736 2322 more

253 2346 278 2373 ο
353 2347 409 2372 im

312 2391 328 2410 ⁶
359 2387 411 2425 W
416 2387 519 2426 hom
541 2386 714 2426 Horace
735 2386 885 2427 calls“
907 2402 1013 2438 ,max
1021 2390 1052 2427 is
1078 2389 1323 2441 Aesopus?
1347 2388 1463 2439 Ep.
1453 2389 1496 2429 ii.
1524 2391 1559 2429 1.
1582 2390 1652 2430 82.

310 2440 329 2464 ‘¹
363 2441 434 2491 Cf.
458 2441 580 2481 Fam.
602 2442 691 2480 xiii.
719 2445 753 2481 1.

309 2500 325 2519 ·
356 2495 513 2534 Where
533 2494 673 2534 slaves
696 2509 804 2534 were
824 2495 972 2535 forced
995 2500 1039 2536 to
1060 2496 1187 2546 grind
1211 2510 1331 2536 corn.

256 2565 353 2606 454
