1868 3040
815 207 1068 258 CICERO

891 378 992 424 VIA

256 530 312 563 M.
348 532 392 562 Τ.
429 532 469 562 c,
507 532 543 562 s.
582 532 624 562 P.
663 533 708 562 n.
748 533 790 568 Q.
829 533 1036 562 ummo
1073 534 1114 569 Q.
1155 533 1196 563 F.
1234 533 1390 562 onmis
1428 531 1627 563 pnocos.

719 643 902 690 Romae,
923 657 1054 683 Α.ιτ.(·.
1077 646 1174 683 698.

155 753 174 795 1
266 748 314 794 Si
334 748 629 803 vales,bene
649 748 915 802 est‚valeo.
986 749 1148 794 Credo
1166 756 1216 794 te
1235 752 1477 794 memoria
1491 756 1685 803 tenere,

202 833 282 861 nie
323 822 377 862 et
413 832 579 861 coram
620 815 672 861 P.
715 817 898 877 Cuspio
937 822 1106 861 tecum
1144 815 1366 861 locutum
1407 832 1533 869 esse,
1572 831 1685 861 cum

202 889 254 928 te
290 899 621 944 prosequerer
653 882 969 944 paludatum,
1006 889 1058 928 et
1092 885 1215 928 item
1252 889 1430 943 postea
1463 882 1687 943 pluribus

204 950 365 995 verbis
391 956 560 995 tecum
589 953 769 1011 egisse,
795 956 869 1004 ut,
897 965 1239 1011 quoscumque
1266 950 1357 995 tibi
1386 952 1490 995 eius
1518 965 1688 995 neces-

202 1019 355 1062 sarios
375 1017 800 1071 commendarem,
820 1015 1033 1062 haberes
1056 1033 1139 1062 eos
1160 1020 1211 1061 in
1232 1033 1441 1062 numero
1461 1032 1687 1061 meorum

204 1086 610 1129 necessariorum.
680 1083 739 1129 Id
763 1090 819 1129 tu
843 1100 932 1145 pro
955 1090 1045 1129 tua
1067 1100 1263 1129 summa
1287 1099 1408 1145 erga
1430 1099 1511 1128 me
1536 1083 1689 1128 bene-

204 1149 423 1196 volentia
455 1157 806 1212 perpetuaque
839 1151 1157 1196 observantia
1192 1149 1311 1194 mihi
1346 1149 1688 1195 liberalissime

205 1224 359 1279 atque
416 1216 773 1263 humanissime
829 1220 1077 1278 recepisti.
1148 1218 1377 1277 Cuspius,
1434 1216 1582 1262 honio
1639 1219 1689 1261 in

204 1300 377 1330 omnes
402 1301 515 1330 suos
540 1285 937 1339 officiosissimus,
962 1284 1167 1329 mirifice
1194 1284 1437 1346 quosdam
1463 1282 1690 1329 homines

206 1368 266 1396 ex
304 1354 399 1397 ista
434 1354 687 1412 provincia
721 1358 895 1397 tuctur
937 1358 991 1397 et
1026 1351 1206 1411 diligit,
1242 1358 1513 1412 propterea
1554 1349 1689 1412 quod

206 1416 301 1463 fuit
338 1421 388 1463 in
427 1416 596 1463 Africa
634 1419 708 1463 bis
755 1435 868 1463 cum
907 1422 1137 1463 maximis
1175 1421 1430 1463 societatis
1474 1419 1691 1476 negotiis

204 1491 477 1546 praeesset.
547 1484 730 1546 Itaque
767 1484 860 1530 hoc
898 1489 1003 1531 eius
1040 1485 1272 1539 officium,
1309 1484 1444 1546 quod
1482 1483 1692 1530 adhibet

206 1568 325 1613 erga
345 1551 469 1606 illos,
492 1568 586 1614 ego
608 1568 723 1597 mea
744 1550 987 1597 facultate
1010 1558 1063 1597 et
1083 1555 1247 1613 gratia
1268 1551 1421 1606 soleo,
1443 1557 1690 1612 quantum

205 1634 424 1679 possum,
487 1619 739 1664 adiuvare.
809 1619 978 1676 Quare
1042 1618 1405 1680 Cuspianorum
1468 1621 1691 1663 omnium

204 1685 653 1731 commendationis
669 1702 869 1731 causam
887 1685 979 1731 hac
998 1686 1086 1731 tibi
1105 1685 1321 1747 epistula.
1337 1685 1690 1746 exponendam

205 1755 393 1812 putavi.
460 1751 680 1813 Reliquis
713 1752 937 1813 epistulis
968 1759 1169 1798 tantum
1200 1751 1399 1806 faciam,
1430 1759 1488 1797 ut
1517 1758 1689 1797 notam

206 1835 455 1879 apponam
490 1835 620 1874 eam,
653 1835 782 1880 quae
817 1819 935 1864 mihi
969 1826 1139 1865 tecum
1172 1822 1423 1872 convenit,
1457 1825 1510 1864 et
1545 1817 1691 1865 simul

156 1892 180 1931 3
205 1885 498 1947 ⁴significem,
539 1886 601 1931 dc
642 1903 852 1932 numero
893 1902 1001 1931 esse
1043 1887 1193 1947 Cuspi
1235 1889 1522 1931 amicorum.
1591 1884 1691 1930 Sed

205 1951 332 1997 hanc
361 1953 871 2008 commendationem,
902 1970 1052 2015 quam
1084 1952 1157 1999 his
1187 1953 1367 1998 litteris
1397 1955 1691 2014 consignare

206 2019 355 2074 volui,
406 2023 531 2066 scito
585 2036 693 2066 esse
747 2023 969 2066 omnium
1021 2023 1381 2083 gravissimam.
1449 2019 1579 2064 Nam
1634 2017 1688 2064 P.

156 1223 179 1261 tv

267 2197 285 2217 ⁰
315 2191 717 2244 Chronologically‚
744 2192 832 2233 this
862 2193 987 2233 letter
1016 2192 1222 2244 precedes
1252 2193 1366 2245 Epp.
1399 2195 1425 2232 4
1454 2191 1543 2233 and
1574 2194 1615 2238 5,
1646 2191 1689 2230 in

210 2245 356 2339 vvhiellil
376 2247 527 2287 Cicero
546 2247 680 2298 drops
699 2247 773 2287 the
797 2247 955 2287 formal
979 2249 1173 2299 opening
1191 2247 1450 2298 (s.V.B.E.)
1471 2245 1613 2285 which
1636 2244 1691 2284 he

210 2314 308 2340 uses
361 2314 445 2340 ere.

271 2354 286 2377 ¹²
318 2354 437 2405 Only
459 2353 709 2394 mentioned
732 2356 774 2394 in
797 2354 883 2394 this
904 2354 1029 2394 letter
1049 2353 1137 2393 and
1161 2356 1202 2393 in
1225 2356 1309 2393 xvi.
1338 2355 1401 2394 17.
1422 2356 1463 2392 2.

269 2414 283 2432 ⁶
315 2407 355 2447 lt
382 2421 469 2446 was
494 2413 748 2458 customary
774 2410 842 2447 for
867 2424 891 2447 a
920 2410 1175 2459 magistrate
1201 2412 1245 2447 to
1272 2421 1386 2447 wear
1412 2407 1478 2446 his
1499 2406 1691 2458 paluda-

208 2466 397 2537 mentum
422 2461 830 2554 (generallx's-clslvlak)
856 2463 980 2502 when
1006 2461 1273 2513 procceding
1295 2466 1341 2502 to
1379 2461 1446 2500 his
1469 2461 1690 2512 province.

215 2515 288 2592 Cf}
307 2519 713 2620 'ggeIZJ-ghninggf
730 2547 842 2610 Note
862 2571 1014 2622 odfin.

215 2640 275 2679 24
