1837 3029
857 186 1107 232 CICERO

241 317 620 378 perscriberem.
688 315 788 363 Sed
825 333 906 362 nie
941 315 1023 361 illa
1061 333 1178 362 cura
1216 314 1451 362 sollicitat
1483 317 1728 378 angitque

240 406 587 463 vehenmenter,
619 407 753 470 quod
786 407 981 453 dierum
1014 409 1112 453 iam
1147 406 1360 469 amplius
1391 422 1432 453 L.
1465 404 1730 452 intervallo

241 496 362 543 nihil
382 515 408 544 a
428 505 499 553 tc,
518 497 639 543 nihil
658 515 686 544 a
705 498 940 553 Caesare,
957 496 1079 543 nihil
1099 514 1161 544 ex
1181 500 1289 544 istis
1308 497 1444 554 locis,
1462 513 1563 544 non
1580 495 1730 543 modo

241 587 544 644 litterarum,
594 588 684 635 sed
734 604 797 634 ne
846 591 1058 635 rumoris
1107 588 1313 652 quidem
1362 587 1572 634 affluxit.
1643 584 1733 632 Me

243 685 417 725 autem
451 682 550 725 iam
585 685 639 725 et
671 695 810 725 mare
843 681 973 726 istuc
1007 685 1062 726 et
1094 685 1230 726 terra
1263 677 1529 733 sollicitat3
1567 691 1734 740 neque

245 769 419 816 desino
436 770 515 831 (ut
533 769 589 816 fit
604 772 654 815 in
673 770 863 832 amore)
882 786 959 826 ea,
977 786 1108 833 quae
1125 773 1331 816 minime
1349 768 1477 825 volo,
1493 770 1733 832 cogitare.

246 859 416 917 Quare
443 877 542 906 non
569 861 806 923 equidem
831 863 931 906 iam
957 867 1011 907 te
1036 878 1176 924 rogo,
1202 867 1261 907 ut
1287 860 1351 907 ad
1376 875 1458 906 me
1484 858 1548 906 de
1574 865 1647 913 te,
1671 856 1735 904 de

245 951 395 996 rebus
420 953 527 997 istis
553 952 738 997 scribas
764 950 1061 1014 (numquam
1088 954 1241 1007 enim,
1265 967 1380 998 cum
1404 956 1570 1014 potes,
1594 963 1737 1011 prae-

245 1042 528 1104 termittis),
557 1042 648 1089 sed
679 1041 772 1089 hoc
802 1049 856 1089 te
886 1046 1012 1089 scire
1044 1042 1172 1098 volo,
1203 1041 1326 1088 nihil
1355 1040 1463 1088 fere
1495 1054 1736 1102 umquam

246 1148 327 1178 me
354 1135 423 1179 sic
450 1139 792 1195 exspectasse,
818 1139 894 1187 ut,
920 1150 1034 1179 cum
1061 1132 1187 1180 haec
1213 1133 1514 1188 scribebam,
1539 1118 1737 1177 litteras

199 1231 222 1269 2
248 1230 376 1270 tuas.
448 1223 593 1270 Nunc
633 1240 879 1287 cognosce
922 1240 1000 1280 ea,
1041 1240 1172 1287 quae
1213 1230 1333 1271 sunt·
1372 1226 1423 1270 in
1462 1219 1736 1284 republica.

249 1313 579 1360 Comitiorum
605 1315 833 1377 quotidie
859 1313 1041 1378 singuli
1067 1315 1174 1362 dies
1200 1314 1448 1361 tolluntur
1471 1313 1738 1360 obnuntia-

249 1405 488 1460 tionibus,
515 1422 701 1468 magna
727 1404 991 1452 voluntate
1016 1405 1263 1452 bonorum
1289 1407 1514 1452 omnium
1537 1418 1550 1459 ;
1591 1407 1739 1449 tanta

249 1496 436 1542 invidia
465 1502 585 1542 sunt
614 1495 843 1543 consules
873 1503 1082 1559 propter
1111 1499 1446 1559 suspicionem
1475 1501 1738 1558 pactorum

248 1602 278 1632 a
291 1586 575 1634 candidatis
588 1590 944 1649 praemiorum.
1010 1586 1281 1635 Candidati
1294 1586 1581 1634 consulares
1594 1588 1740 1647 quat-

251 1683 381 1733 tuor,
400 1694 574 1724 omnes
591 1681 663 1724 rei
688 1693 700 1734 ;
734 1694 916 1725 causae
935 1685 1054 1725 sunt
1071 1677 1293 1725 difficiles
1316 1693 1328 1735 3
1363 1677 1453 1725 sed
1471 1679 1740 1730 enitemur,

252 1773 309 1814 ut
347 1767 587 1815 Messalla
622 1775 795 1816 noster
828 1769 994 1816 salvus
1028 1772 1113 1826 sit,
1147 1769 1285 1833 quod
1320 1776 1399 1817 est
1434 1772 1591 1816 etiam
1625 1782 1739 1814 cum

251 1858 556 1922 reliquorum
598 1859 763 1907 salute
805 1863 1145 1907 coniunctum.
1215 1860 1488 1907 Gabinium
1530 1859 1594 1906 de
1637 1874 1741 1904 am·

251 1950 362 1996 bitu
385 1966 528 1997 reum
549 1949 673 1997 fecit
696 1951 750 1997 P.
775 1950 929 2007 Sulla,
951 1952 1300 1999 subscribente
1322 1954 1551 2016 privigno
1577 1949 1740 1996 Mem-

253 2044 371 2097 mio,
406 2040 564 2088 fratre
606 2041 839 2098 Caecilio,
888 2041 1024 2089 Sulla
1073 2042 1188 2090 filio.
1269 2042 1457 2090 Contra
1504 2042 1634 2089 dixit
1681 2039 1738 2086 L.

250 2131 536 2195 Torquatus
559 2148 572 2188 ;
640 2134 975 2197 omnibusque
1025 2133 1301 2181 libentibus
1352 2151 1453 2181 non
1502 2133 1739 2180 obtinuit.

204 2230 228 2269 3
254 2223 485 2281 Quaeris,
500 2224 622 2287 quid
639 2223 728 2271 fiat
744 2224 807 2272 de
825 2224 1042 2271 Gabinio
1064 2225 1083 2271 ?
1150 2224 1374 2272 Sciemus
1391 2225 1455 2273 de
1470 2226 1740 2271 maiestate

253 2314 420 2361 triduo
444 2329 456 2369 ;
494 2331 594 2378 quo
615 2316 822 2378 quidem
841 2319 893 2362 in
912 2316 1096 2363 iudicio
1115 2316 1231 2364 odio
1250 2319 1499 2379 premitur
1516 2317 1739 2362 omnium

316 2474 334 2492 ⁰
366 2469 478 2508 who
496 2469 581 2509 had
605 2470 859 2521 prosecuted
882 2470 1003 2510 Sulla
1025 2484 1080 2510 on
1102 2484 1125 2510 a
1147 2471 1309 2522 char-ge
1324 2470 1374 2511 of
1390 2471 1414 2487 “
1429 2468 1648 2521 breaking
1666 2468 1740 2509 the

259 2536 392 2574 peace
413 2524 436 2539 ”
457 2526 527 2571 (de
547 2525 592 2563 υἱ
596 2531 608 2573 )
631 2526 672 2563 in
693 2528 761 2571 62,
783 2525 906 2564 when
928 2525 1049 2565 Sulla
1071 2538 1158 2565 was
1176 2525 1392 2566 defended
1411 2525 1471 2573 by
1491 2525 1655 2564 Cicero.

259 2592 352 2636 578
