1868 3040
257 794 280 831 [ὗ

256 1751 274 1792 l

925 190 1177 236 CIcERO

305 320 607 367 observavit.
631 326 681 365 et
705 337 731 364 a
754 319 932 364 studiis
955 321 1134 362 nostris
1157 335 1254 363 non
1277 317 1528 364 abhorret.
1585 318 1794 365 Accedit

306 402 384 440 eo,
408 386 543 448 quod
567 385 723 431 Varro
753 385 966 430 Murena
995 402 1178 443 magno
1209 401 1360 446 opere
1388 388 1493 431 eius
1516 402 1666 431 causa
1691 385 1796 431 vult

306 457 471 498 onmia
498 469 508 507 ;
576 456 659 514 qui
710 459 883 498 tamen
933 455 1259 506 existimavit,
1307 454 1401 497 etsi
1449 454 1550 498 suis
1597 451 1795 506 litteris,

306 520 486 581 quibus
511 520 602 565 tibi
630 518 878 564 Manlium
903 519 1311 572 commendabat,
1336 517 1479 564 valde
1502 518 1796 573 confideret,

306 594 479 632 tamen
513 603 625 631 mea
657 585 1096 632 commendatione
1129 585 1317 646 aliquid
1348 588 1642 631 accessionis
1672 584 1793 631 fore.

310 653 397 698 Me
439 653 645 714 quidem
686 669 797 698 cuni
843 652 1003 698 Manli
1043 651 1374 707 familiaritas,
1413 659 1521 698 tum
1564 651 1796 697 Varronis

305 720 528 766 studium
576 722 864 773 commovit,
912 726 970 764 ut
1016 719 1078 765 ad
1125 727 1179 765 te
1226 735 1379 781 quam
1426 722 1795 765 accuratissime

305 787 591 832 scriberem.
660 787 1011 832 Gratissimum
1047 789 1200 844 igitur
1231 785 1351 831 mihi
1384 784 1578 840 feceris,
1611 789 1650 831 si
1682 784 1796 831 huic

305 853 732 900 connnendationi
762 869 907 899 meae
938 860 1139 898 tantum
1171 853 1422 907 tribueris,
1446 859 1693 914 quantum
1717 855 1794 898 cui

305 921 524 966 tribuisti
574 920 861 982 plurimum,
909 920 960 966 id
1010 927 1104 974 est,
1151 923 1190 965 si
1238 919 1293 965 T.
1347 919 1595 965 Manlium
1644 936 1794 981 quam

304 991 543 1041 maxime,
586 988 986 1049 quibuscumque
1029 987 1178 1033 rebus
1220 985 1432 1032 honeste
1476 1003 1533 1031 ac
1575 1003 1664 1047 pro
1706 993 1796 1032 tua

305 1055 556 1117 dignitate
606 1057 812 1115 poteris,
860 1056 1041 1099 iuveris
1091 1060 1245 1115 atque
1295 1056 1564 1104 ornaveris,
1613 1069 1673 1098 ex
1724 1056 1795 1114 ip-

302 1125 505 1183 siusque
522 1128 788 1182 praeterea
804 1123 1098 1181 gratissimis
1121 1128 1173 1166 et
1193 1119 1561 1166 humanissimis
1577 1120 1795 1165 moribus

303 1187 542 1234 confirmo
566 1189 675 1239 tibi,
699 1195 750 1233 te
776 1182 909 1242 eum,
933 1205 1084 1250 quem
1108 1187 1235 1233 soles
1258 1186 1477 1232 fructum
1501 1203 1530 1232 a
1551 1187 1793 1233 bonorum

303 1258 519 1301 virorum
544 1255 712 1302 officiis
739 1262 1054 1317 exspectare,
1080 1271 1188 1301 essc
1213 1261 1494 1316 capturum.

960 1434 1138 1480 XXIII

817 1558 993 1588 elcssno
1018 1558 1191 1587 si-:nvlo
1216 1557 1254 1589 s.

812 1649 994 1695 Romae,
1019 1663 1148 1690 A.u.c.
1173 1652 1268 1689 708.

368 1745 423 1792 L.
454 1747 693 1797 Cossinio,
720 1749 878 1791 amico
905 1752 957 1791 et
983 1744 1150 1791 tribuli
1179 1752 1284 1798 tuo,
1313 1744 1455 1791 valde
1481 1744 1794 1790 familiariter

303 1820 430 1859 utor.
488 1813 613 1857 Nam
636 1820 686 1858 et
706 1816 838 1858 inter
857 1819 1055 1858 nosmet.
1074 1815 1204 1873 ipsos
1224 1819 1368 1857 vetus
1389 1829 1504 1857 usus
1524 1812 1789 1857 intercedit

303 1887 357 1926 et
387 1881 588 1926 Atticus
619 1886 790 1925 noster
818 1883 1057 1925 maiorem
1091 1882 1245 1924 ctiam
1276 1878 1395 1923 inihi
1427 1896 1538 1924 cum
1571 1878 1792 1924 Cossinio

301 1947 720 1993 consuetudinem
769 1945 904 1992 fecit.
989 1946 1171 2008 Itaque
1218 1952 1330 1991 tota
1378 1945 1567 1991 Cossini
1616 1946 1792 1991 domus

304 2032 383 2060 mc
422 2014 603 2073 dili‹rit‚
639 2017 689 2058 in
726 2017 999 2075 primisque
1036 2013 1245 2059 libertus
1284 2016 1406 2066 eius,
1447 2012 1501 2058 I.
1542 2012 1792 2058 Cossinius

365 2118 383 2136 ‘¹
416 2094 468 2152 A.
504 2113 732 2152 Terentius
766 2112 909 2151 Varro
946 2112 1149 2156 Murena.
1183 2124 1261 2151 son
1295 2113 1346 2151 of
1376 2111 1424 2150 L.
1463 2111 1792 2157 Licini11s‚was

306 2166 499 2217 adopted
534 2167 593 2205 bv
630 2168 682 2206 A.
717 2166 946 2206 'lerentius
980 2166 1019 2204 Υ
1024 2179 1136 2206 arro.
1205 2167 1236 2204 Α
1273 2167 1468 2217 partisan
1502 2167 1552 2204 of
1581 2165 1791 2218 l'ompey,

307 2221 360 2260 he
393 2235 428 2259 w
434 2234 481 2260 is
512 2220 740 2272 pardoned
772 2220 832 2271 by
865 2220 1041 2260 Caesar.
1103 2219 1211 2259 Ino
1187 2223 1240 2259 „2
1274 2219 1327 2259 be
1357 2219 1588 2271 conspired
1618 2222 1791 2271 against

307 2276 537 2326 Augustus
575 2275 678 2314 with
719 2275 913 2314 lannins
951 2275 1130 2325 (aepio‚
1168 2273 1256 2313 and
1295 2278 1376 2325 put
1411 2277 1456 2313 to
1493 2273 1641 2313 death
1709 2275 1792 2313 Dio

305 2330 482 2369 Cassius
511 2329 626 2379 (ch.
655 2330 712 2368 iii.
744 2328 787 2377 4)
811 2328 1030 2367 describes
1062 2328 1149 2367 him
1181 2341 1228 2367 as
1257 2327 1391 2378 being
1419 2327 1675 2378 offensively
1703 2328 1788 2367 and

303 2382 514 2433 violently
551 2381 815 2434 outspoken,
850 2381 936 2421 and
980 2382 1151 2421 Horace
1188 2380 1517 2433 appropriately
1555 2381 1790 2422 addressed

305 2440 350 2476 to
374 2437 464 2476 him
490 2436 555 2475 his
578 2435 661 2476 ode
683 2449 739 2475 on
765 2436 790 2452 ‘⁴
812 2436 884 2476 the
908 2435 1068 2485 golden
1096 2449 1220 2475 mean
1244 2435 1269 2448 '⁴
1293 2436 1394 2485 (od.
1417 2437 1459 2474 ii.
1487 2435 1569 2481 10).

366 2490 432 2541 By
463 2490 529 2529 his
557 2490 769 2541 adoption
801 2490 854 2530 lie
884 2489 1064 2529 became
1094 2489 1272 2528 brother
1299 2493 1343 2528 to
1373 2488 1590 2534 Terentia,
1619 2489 1718 2528 wife
1745 2490 1794 2529 of

308 2543 538 2586 Maecena.
561 2543 650 2584 and
673 2543 766 2584 also
790 2548 835 2583 to
860 2543 1112 2583 Proculeius
1134 2543 1262 2593 (Hor.
1291 2543 1372 2582 Od.
1398 2544 1439 2583 ii.
1465 2546 1505 2583 ΞΖ.
1528 2544 1589 2593 5).

305 2612 365 2658 72
