1868 3040
847 177 1099 226 CICERO

225 324 307 354 me
329 309 566 372 singulari
590 311 890 363 existimavi,
912 324 993 354 me
1016 315 1250 369 oportere
1274 308 1337 354 ad
1358 315 1411 355 te
1434 309 1714 354 accuratius

225 397 476 451 scribere3
528 400 621 442 etsi
657 413 754 442 non
788 412 897 441 sum
932 399 1144 450 nescius,
1178 403 1231 442 et
1264 412 1394 458 quae
1426 403 1714 458 temporum

224 488 368 539 raim,
412 491 464 530 et
507 500 637 546 quae
681 490 771 529 tua
812 489 1039 545 potestas
1080 486 1162 538 sit,
1204 484 1400 546 tibique
1450 486 1712 546 negotium

222 572 398 617 datum
439 587 547 617 esse
588 588 617 617 a
656 570 710 617 C.
752 570 986 630 Caesare,
1025 587 1125 618 non
1161 571 1418 626 iudicium,
1457 569 1712 633 praeclare

221 659 477 722 intellego.
547 657 717 717 Quare
750 675 779 704 a
809 665 861 705 te
893 665 1094 705 tantum
1126 665 1265 720 peto,
1296 665 1545 720 quantum
1576 664 1630 704 et
1657 663 1711 703 te

221 745 387 792 facere
424 762 589 809 posse,
628 753 682 792 et
717 746 937 792 libenter
973 762 1088 792 mea
1125 762 1276 792 causa
1313 744 1564 791 facturum
1602 759 1712 790 esse

171 840 195 878 2
221 834 448 881 arbitror.
518 833 586 880 Et
612 837 830 896 primum
861 833 1008 879 velim
1040 836 1315 889 existimes,
1345 833 1481 895 quod
1508 849 1587 879 res
1616 838 1712 888 est,

220 925 458 984 municipi
484 920 712 968 fortunas
740 937 914 968 omnes
940 924 992 967 in
1017 924 1115 968 isto
1143 920 1377 984 vectigali
1404 924 1677 967 consistere
1698 934 1712 976 ;

219 1007 295 1056 his
351 1016 525 1056 autem
580 1010 893 1072 temporibus
949 1008 1043 1055 hoc
1098 1011 1427 1071 municipium
1481 1009 1712 1054 maximis

219 1098 454 1144 oneribus
485 1113 731 1160 pressum,
762 1100 967 1143 summis
1000 1095 1238 1143 affectum
1270 1112 1379 1143 esse
1411 1095 1715 1143 difficultati-

219 1184 328 1232 buS.
397 1185 508 1232 Hoc
547 1188 642 1232 etsi
680 1201 946 1232 commune
985 1185 1186 1231 videtur
1224 1200 1333 1230 esse
1371 1200 1485 1231 cum
1523 1183 1712 1240 multis,

218 1279 394 1320 tamen
425 1272 545 1319 mihi
577 1273 726 1320 crede
758 1272 1034 1336 singulares
1066 1272 1181 1319 huic
1211 1275 1482 1334 municipio
1512 1271 1713 1318 calami-

218 1367 354 1408 tates
378 1361 614 1407 accidisse
639 1377 649 1408 :
690 1377 814 1423 quas
837 1361 1019 1407 idcirco
1042 1377 1142 1407 non
1165 1376 1520 1415 commemoro,
1543 1375 1626 1415 ne,
1647 1358 1712 1405 de

219 1452 428 1495 miseriis
449 1465 677 1495 meorum
699 1452 1090 1495 necessariorum
1113 1464 1444 1510 conquerens,
1465 1446 1712 1502 homines,

169 1543 194 1582 3
219 1552 343 1599 quos
381 1536 513 1592 nolo,
552 1537 723 1583 videar
760 1535 1031 1583 offendere.
1102 1535 1302 1598 Itaque,
1341 1538 1432 1581 nisi
1472 1550 1711 1598 magnam

218 1640 361 1686 spem
411 1623 671 1680 haberem,
722 1623 776 1671 G.
829 1624 1031 1670 Caesari
1081 1640 1170 1670 nos
1220 1639 1422 1670 causam
1473 1624 1711 1684 municipi

218 1712 534 1775 probaturos,
573 1729 673 1758 non
712 1719 823 1758 erat
859 1728 1026 1767 causa,
1065 1728 1152 1758 cur
1190 1727 1220 1757 a
1256 1718 1309 1757 te
1349 1710 1442 1757 hoc
1479 1717 1711 1772 tempore

218 1799 408 1862 aliquid
461 1800 838 1846 contenderem.
908 1798 1008 1845 Sed
1064 1802 1182 1861 quia
1235 1798 1432 1844 confido
1486 1796 1710 1860 mihique

219 1891 460 1950 persuasi,
491 1887 631 1933 illum
664 1894 718 1934 et
749 1888 1011 1950 dignitatis
1045 1890 1301 1948 municipi,
1335 1893 1389 1932 et
1420 1888 1712 1948 aequitatis,

220 1979 376 2022 etiam
411 1975 684 2022 voluntatis
722 1991 844 2038 erga
879 1991 932 2023 se
969 1974 1261 2020 habiturum
1298 1989 1407 2020 esse
1443 1976 1711 2029 rationem,

219 2063 334 2109 ideo
366 2079 396 2110 a
425 2069 479 2109 te
511 2079 612 2109 non
643 2063 871 2108 dubitavi
901 2062 1228 2116 contendere,
1260 2068 1318 2107 ut
1349 2060 1478 2106 hanc
1507 2075 1710 2106 causam

171 2157 197 2195 4
219 2150 288 2196 illi
320 2153 575 2213 integram
608 2165 943 2197 conservares
1013 2148 1162 2208 Quod
1198 2152 1293 2194 etsi
1328 2147 1647 2194 nihilominus
1681 2163 1712 2194 a

220 2245 273 2284 te
297 2245 547 2300 peterem,
571 2241 611 2284 si
636 2237 758 2284 nihil
782 2237 1084 2284 audivissem
1109 2243 1162 2282 te
1187 2236 1291 2282 tale
1315 2234 1511 2291 fecisse,
1535 2242 1710 2282 tamen

220 2328 461 2371 maiorem
492 2341 635 2388 spem
670 2325 976 2387 impetrandi
1007 2331 1185 2370 nactus
1216 2339 1345 2379 sum,
1375 2329 1710 2386 posteaquam

280 2488 300 2509 ⁰
327 2483 498 2535 Tyrrell
512 2482 665 2524 thinks
681 2483 801 2523 these
819 2488 935 2523 must
955 2483 1010 2522 be
1030 2483 1103 2522 the
1125 2484 1342 2533 partisans
1356 2481 1407 2521 of
1417 2480 1594 2529 Caesar,
1610 2480 1709 2521 who

224 2550 341 2577 seem
362 2542 407 2578 to
429 2538 539 2578 have
560 2538 685 2578 acted
709 2537 902 2588 harshly.

232 2609 293 2648 30
