1837 3029
870 182 1122 231 CICERO

252 316 440 371 dolore,
465 313 653 378 aliquid
684 331 713 361 a
743 315 842 360 suis
874 313 952 359 vel
985 329 1076 375 per
1104 328 1218 359 suos
1251 315 1417 375 potius
1451 315 1647 376 iniquos
1677 311 1744 360 ad

249 420 306 483 tc
332 429 442 462 esse
467 413 712 467 delatum,
739 428 837 474 quo
864 418 980 458 tuus
1007 414 1201 458 animus
1228 427 1257 456 a
1281 426 1334 457 se
1362 399 1496 458 essct
1521 410 1741 465 alienior.

254 512 367 558 Non
396 511 549 565 soleo,
578 513 647 556 mi
677 509 851 564 Brute,
881 508 1017 571 quod
1045 509 1139 554 tibi
1168 515 1345 554 notum
1375 524 1484 555 esse
1514 509 1743 564 arbitror,

252 617 447 657 temere
492 609 736 655 affirmare
782 607 845 654 dc
890 607 1067 662 altero,
1112 613 1189 653 est
1235 609 1367 652 enim
1411 606 1743 669 periculosum

249 715 459 772 propter
487 707 705 754 occultas
737 706 995 752 hominum
1025 705 1311 751 voluntates
1341 705 1743 768 multiplicesque

251 814 456 853 naturas
483 823 492 852 :
547 805 688 851 Clodi
733 807 955 850 animum
998 809 1321 866 perspectum
1361 801 1541 859 habeo,
1577 807 1745 867 cogni—

251 913 379 960 †um,
407 904 684 951 iudicatum
710 919 720 958 ;
767 903 927 948 multa
957 905 1061 948 cius
1089 902 1290 956 indicia,
1317 901 1408 948 sed
1435 901 1501 948 ad
1527 902 1744 950 scriben-

251 1004 371 1049 dum
402 1019 502 1049 non
531 1004 830 1057 neccssaria,
857 1000 966 1047 volo
993 1003 1126 1046 enim
1154 1003 1502 1046 testimonium
1533 999 1628 1046 hoc
1651 1001 1744 1047 tibi

252 1102 407 1148 videri
429 1104 595 1164 potius
619 1117 770 1162 quam
795 1099 1080 1161 epistulam.
1142 1098 1336 1145 Auctus
1360 1099 1568 1145 Antonii
1591 1098 1746 1146 bene-

253 1200 361 1246 ficio
386 1202 637 1246 est—eiu<
662 1201 813 1260 ipsius
837 1197 1067 1243 beneficii
1091 1212 1277 1259 magna
1299 1213 1412 1259 pars
1437 1213 1466 1242 a
1488 1203 1542 1243 te
1566 1203 1710 1244 est—
1731 1209 1744 1241 ε

199 1305 225 1345 2
250 1302 421 1360 itaque
444 1313 560 1344 eum
578 1296 723 1344 salvis
745 1296 885 1342 nobis
906 1295 1059 1341 vellet
1078 1295 1285 1341 salvum.
1357 1293 1416 1341 In
1436 1311 1552 1342 eum
1571 1302 1744 1342 autem

247 1396 413 1443 locum
450 1411 558 1442 rem
598 1394 870 1442 adductam
909 1393 1309 1456 intellegit—est
1348 1396 1500 1449 enim,
1537 1400 1597 1440 ut
1634 1397 1744 1449 scis,

249 1498 455 1542 minime
484 1493 751 1548 stultus—‚
780 1499 838 1538 ut
867 1494 1068 1554 utrique
1098 1490 1218 1537 salvi
1251 1507 1358 1537 esse
1388 1507 1488 1538 non
1516 1491 1708 1554 possin‘t
1734 1496 1752 1539 :⁷

248 1597 422 1656 itaque
446 1609 533 1639 nos
556 1591 749 1637 mavult
774 1606 784 1646 3
826 1590 887 1636 dc
911 1597 963 1636 te
988 1606 1104 1636 vcro
1128 1592 1426 1635 amicissime
1449 1596 1503 1636 et
1523 1589 1746 1653 loquitur

251 1699 303 1738 et
335 1694 506 1737 sentit.
579 1689 765 1747 Quare,
797 1692 836 1735 si
869 1691 976 1751 quis
1009 1704 1150 1734 secus
1183 1687 1248 1734 ad
1277 1693 1331 1734 te
1362 1687 1427 1734 de
1458 1703 1518 1735 eo
1548 1691 1744 1751 scripsit

250 1797 338 1836 aut
359 1793 396 1834 si
418 1805 585 1835 coram
606 1788 800 1833 locutus
822 1793 917 1842 est,
937 1793 1058 1849 pcto
1084 1803 1114 1832 a
1138 1792 1191 1832 te
1213 1789 1368 1832 etiam
1395 1793 1548 1849 atque
1571 1789 1743 1844 etiam,

250 1887 369 1934 mihi
397 1894 453 1933 ut
478 1889 644 1949 potius
671 1885 863 1940 credas,
889 1887 974 1948 qui
1000 1891 1053 1930 et
1078 1883 1270 1930 facilius
1295 1884 1516 1930 iudicare
1540 1900 1743 1947 possum

249 2003 403 2049 quam
428 1985 508 2031 ille
535 1987 701 2030 nescio
727 1986 836 2046 quis
863 1989 917 2030 et
941 1989 994 2029 te
1020 1982 1130 2045 plus
1157 1982 1324 2045 diligo.
1395 1981 1625 2029 Clodium
1650 1983 1743 2029 tibi

248 2086 602 2131 amicissimum
629 2085 862 2128 existima
885 2083 1146 2143 civemque
1171 2080 1345 2135 falem,
1369 2080 1527 2142 qualis
1552 2086 1606 2126 et
1627 2096 1742 2144 pru-

249 2182 573 2228 dentissimus
603 2187 658 2228 et
685 2179 890 2227 fortuna
918 2182 1112 2241 optima
1141 2194 1251 2226 esse
1281 2178 1454 2226 debet.

245 2626 339 2668 666
