1837 3029
876 172 1128 219 CICERO

253 306 466 365 privata,
502 301 665 347 debeo
700 304 988 363 impetrare.
1059 300 1193 358 Quid
1227 303 1290 347 sis
1325 299 1565 356 facturus,
1601 301 1748 348 velim

257 375 376 422 mihi
411 393 563 439 quam
598 378 814 438 primum
847 375 1103 422 rescribas.
1170 374 1280 423 Kal.
1318 374 1652 433 Quinctilibus
1687 391 1749 422 ex

256 453 446 497 castris.

818 740 968 786 xxn
1006 739 1067 802 (1.
1110 740 1186 801 ιε)

643 883 698 915 M.
736 885 909 914 culmo
944 884 981 914 S.
1021 885 1066 915 D.
1107 884 1158 914 M.
1200 884 1360 914 BRUTO

801 976 966 1022 minae,
990 989 1122 1016 A.U.c.
1148 978 1222 1015 711

208 1080 227 1119 1
319 1072 428 1120 Etsi
458 1071 666 1119 daturus
697 1087 834 1118 eram
867 1071 1135 1118 Messallae
1166 1071 1377 1118 Corvino
1406 1075 1643 1119 continuo
1673 1070 1750 1118 lit-

254 1153 407 1201 teras,
428 1153 603 1193 tamen
621 1146 861 1193 Veterem
884 1153 1111 1192 nostrum
1133 1145 1198 1192 ad
1218 1152 1270 1191 tc
1293 1149 1398 1192 sine
1421 1146 1601 1193 litteris
1624 1149 1747 1193 meis

255 1223 424 1266 venire
474 1220 623 1267 nolui.
697 1220 924 1265 Maximo
974 1223 1024 1264 in
1073 1219 1356 1266 discrimine
1404 1237 1483 1267 res
1531 1219 1749 1282 publica,

254 1293 428 1349 Brute,
447 1300 675 1340 versatur
692 1296 1006 1355 victoresque
1026 1310 1192 1339 rursus
1211 1293 1474 1340 decertare
1491 1297 1717 1357 cogimur
1739 1310 1748 1340 ι

254 1368 305 1414 id
322 1368 503 1414 accidit
524 1368 595 1414 M.
617 1367 797 1430 Lepidi
812 1367 1000 1414 scelere
1019 1374 1072 1413 et
1092 1370 1330 1413 amentia.
1389 1367 1501 1425 Quo
1517 1374 1748 1430 tempore

253 1458 368 1488 curn
396 1442 557 1488 multa
584 1449 791 1504 propter
818 1458 931 1488 eam
958 1458 1146 1497 curam,
1175 1458 1327 1504 quam
1354 1458 1444 1505 pro
1469 1458 1524 1489 re
1551 1442 1751 1504 publica

255 1519 467 1578 suscepi,
494 1519 716 1579 graviter
740 1515 943 1572 ferrem,
969 1522 1080 1562 tum
1107 1515 1228 1562 nihil
1253 1515 1346 1562 tuli
1371 1518 1571 1580 gravius
1598 1533 1751 1579 quam

255 1607 336 1636 me
356 1607 455 1637 non
475 1607 619 1652 posse
639 1593 812 1637 matris
831 1597 951 1636 tuae
970 1590 1201 1652 precibus
1220 1589 1420 1645 cedere,
1438 1606 1538 1637 non
1555 1593 1751 1646 sororis,

256 1680 373 1710 nam
407 1665 516 1719 tibi,
551 1664 686 1726 quod
719 1663 839 1710 mihi
874 1664 1072 1726 plurimi
1107 1671 1202 1719 est,
1234 1663 1380 1710 facile
1414 1680 1496 1711 me
1528 1663 1752 1711 satisfac-

256 1744 428 1784 turum
463 1738 760 1785 arbitrabar.
829 1737 978 1783 Nullo
1013 1740 1146 1784 enim
1180 1737 1329 1784 modo
1362 1744 1567 1800 poterat
1601 1755 1751 1785 causa

258 1811 437 1874 Lepidi
458 1811 698 1875 distingui
720 1813 784 1859 ab
805 1813 1027 1858 Antonio
1048 1815 1374 1874 omniumque
1394 1811 1576 1859 iudicio
1597 1815 1751 1859 etiam

256 1886 424 1933 durior
445 1894 572 1940 erat,
589 1886 740 1948 quod,
757 1903 871 1932 cum
893 1885 1163 1932 honoribus
1184 1885 1500 1948 amplissimis
1521 1903 1550 1932 a
1570 1894 1751 1934 senatu

257 1967 393 2007 esset
432 1959 652 2022 Lepidus
690 1967 913 2016 ornatus,
947 1967 1057 2006 tum
1095 1963 1250 2006 etiam
1287 1963 1457 2022 paucis
1491 1967 1610 2006 ante
1648 1960 1751 2007 die-

257 2034 349 2080 bus
383 2034 662 2096 praeclaras
698 2034 891 2081 litteras
926 2034 989 2080 ad
1018 2041 1254 2080 senatum
1280 2037 1512 2090 misisset,
1539 2042 1750 2096 reponte

258 2124 356 2154 non
404 2108 564 2154 solum
616 2111 808 2171 recepit
855 2108 1089 2170 reliquias
1137 2107 1375 2163 hostium,
1421 2108 1511 2154 sed
1564 2109 1749 2154 bellum

257 2185 498 2228 acerrime
529 2189 664 2228 terra
692 2185 917 2244 marique
953 2185 1102 2244 gerit,
1133 2185 1271 2228 cuius
1307 2185 1472 2228 exitus
1503 2185 1587 2244 qui
1615 2181 1751 2228 futu-

257 2271 340 2302 rus
371 2259 453 2311 sit,
484 2259 732 2302 incertum
765 2262 878 2302 est:
927 2258 1016 2310 ita,
1046 2271 1160 2301 cum
1190 2272 1442 2320 rogamur,
1474 2262 1531 2302 ut
1563 2259 1751 2303 miseri-

318 2427 335 2445 α
370 2422 434 2463 Μ.
466 2421 670 2462 Valerius
704 2421 913 2461 Messalla
944 2422 1175 2469 Corvinus,
1205 2436 1232 2462 a
1261 2423 1424 2462 former
1457 2424 1671 2463 associate
1704 2424 1754 2464 of

259 2477 503 2572 ξέῐιῖιὲυἲῃὲιξ
534 2476 718 2516 Athens.
780 2476 1110 2528 Subsequently
1141 2489 1225 2517 one
1257 2477 1308 2517 of
1334 2476 1580 2529 Augustus'
1614 2476 1751 2530 right·

256 2601 346 2652 696
