1837 3029
886 192 1136 239 CICERO

268 320 376 379 pius
417 327 649 366 senatum
693 319 1067 383 infrequentem
1109 327 1374 385 coegisset,
1417 330 1618 372 tantum
1659 324 1755 372 fuit

217 402 241 438 2
268 394 439 459 frigrm,
461 403 518 443 ut
537 397 728 460 pipulo1
755 405 956 444 coactus
982 401 1047 445 sit
1072 416 1159 446 nos
1181 400 1454 447 dimittere.
1512 402 1590 448 De
1611 402 1754 448 Com-

267 490 499 535 mageno,
530 474 664 537 quod
694 490 798 521 rem
830 481 992 521 totam
1023 476 1369 532 discusseram,
1398 478 1603 525 mirifice
1633 477 1753 525 mibi

268 557 319 596 et
340 567 430 612 per
450 568 502 598 se
525 558 578 598 et
598 567 689 614 per
710 551 1040 615 Pomponium
1061 552 1318 600 blanditur
1339 555 1547 617 Appius.
1602 555 1753 602 Videt

266 631 415 683 enim,
441 627 534 675 hoc
562 645 750 692 genere
777 630 975 677 dicendi
1009 633 1046 676 si
1083 637 1196 677 utar
1228 634 1278 677 in
1312 635 1509 688 ceteris‘,
1536 631 1752 679 Februa—

264 708 389 750 rium
426 705 648 752 sterilem
684 705 945 763 futurum3
1000 724 1218 771 eumque
1265 707 1358 754 lusi
1406 711 1568 755 iocose
1616 712 1752 764 satis,

265 799 429 845 neque
480 783 637 829 solum
689 784 809 831 illud
860 788 1045 831 extorsi
1097 785 1408 848 oppidulum,
1458 786 1594 848 quod
1643 793 1753 832 erat

263 863 481 921 positum
507 864 557 907 in
582 861 827 923 Euphrati
854 862 1151 925 Zeugmate,
1176 863 1265 909 sed
1289 870 1556 925 praeterea
1578 869 1751 926 togam

263 953 370 982 sum
413 941 518 985 eius
557 946 897 1001 praetextam,
938 956 1088 1002 quam
1130 947 1240 986 erat
1280 940 1495 1002 adeptus
1535 939 1750 986 Caesare

214 1020 238 1060 3
263 1015 481 1070 consule,
502 1033 686 1079 magno
706 1016 963 1063 hominum
985 1020 1084 1063 risu
1105 1016 1378 1063 cavillatus.
1445 1025 1474 1045 “
1495 1016 1644 1075 Quod
1663 1033 1750 1063 nos

265 1091 420 1146 vult,”
442 1096 664 1156 inquam,
685 1101 714 1121 ‘⁶
734 1110 974 1141 renovare
995 1093 1207 1140 honores
1230 1095 1451 1149 eosdem,
1469 1111 1568 1157 quo
1588 1095 1750 1140 minus

264 1176 436 1229 togam
476 1178 798 1232 praetextam
840 1174 1108 1233 quotannis
1149 1170 1438 1233 interpolet,
1480 1171 1750 1217 decernen-

263 1246 381 1292 dum
416 1246 537 1292 nihil
569 1264 764 1294 censeo.
832 1248 930 1294 Vos
964 1255 1135 1295 autem
1168 1248 1393 1294 homines
1427 1247 1634 1302 nobiles,
1666 1249 1749 1310 qui

261 1323 562 1370 Bostrenum
600 1332 983 1386 praetextatum
1023 1343 1121 1371 non
1159 1325 1416 1380 ferebatis,
1455 1325 1749 1388 Commage-

262 1417 381 1446 num
398 1400 571 1448 feretis
591 1402 609 1448 ?
630 1402 659 1418 ''
719 1402 891 1449 Genus
913 1403 1050 1450 vides
1068 1410 1120 1449 et
1140 1402 1302 1449 locum
1319 1402 1529 1449 iocandi.
1584 1400 1750 1448 Multa

261 1477 363 1524 dixi
391 1482 441 1524 in
467 1479 739 1542 ignobilem
767 1497 940 1543 regem
965 1495 977 1535 ;
1021 1481 1201 1543 quibus
1229 1487 1367 1527 totus
1395 1486 1473 1526 est
1500 1477 1745 1541 explosus.

262 1555 374 1613 Quo
409 1573 597 1619 genere
640 1565 919 1604 commotus
962 1558 1041 1620 (ut
1075 1558 1198 1619 dixi)
1234 1558 1428 1620 Appius
1467 1563 1634 1603 totum
1667 1572 1748 1602 me

262 1632 595 1695 amplexatur.
668 1633 801 1680 Nihil
839 1642 917 1682 est
954 1638 1088 1682 enim
1125 1634 1333 1690 facilius,
1371 1651 1522 1697 quam
1559 1633 1750 1697 reliqua

260 1710 527 1758 discutere.
600 1711 699 1759 Sed
738 1729 836 1759 non
874 1711 1072 1768 faciam,
1111 1719 1168 1759 ut
1203 1711 1341 1758 illum
1379 1710 1649 1766 offendam,
1685 1727 1748 1756 ne

321 1838 334 1862 ¹
371 1840 442 1880 Λη-
473 1842 743 1881 emendation
774 1841 876 1893 (for
909 1841 1061 1893 populi
1095 1842 1292 1881 convicio
1322 1840 1441 1890 MSS.)
1476 1840 1664 1892 adopted
1696 1838 1748 1890 by

265 1892 387 1943 Prof.
422 1894 661 1941 Hans-man,
692 1896 781 1935 who
811 1897 963 1947 rejects
992 1897 1189 1935 convicio
1218 1909 1266 1934 aa
1296 1909 1323 1934 a
1349 1895 1466 1946 yloss
1495 1909 1551 1935 on
1580 1892 1745 1946 pipulo.

268 1947 435 1998 Tyrrell
458 1949 584 1988 reads
607 1948 773 2001 pipulo,
796 1951 992 1989 convicio
1014 1949 1343 2001 asyndetically.

316 2099 335 2118 ⁰
368 2095 451 2136 Lit.
476 2096 500 2112 “
515 2096 719 2149 chirping
736 2098 785 2136 of
799 2095 1054 2142 chickens,''
1074 2096 1175 2137 then
1193 2096 1299 2137 used
1317 2095 1746 2137 ofdemonstrations

266 2150 315 2188 of
332 2148 600 2190 restlessness
621 2155 666 2191 at
687 2151 836 2202 public
858 2153 1085 2202 meotings.

326 2202 341 2225 θ
374 2203 632 2250 Antiochus,
675 2206 794 2257 King
834 2206 883 2245 of
920 2206 1220 2255 Commagene
1259 2205 1302 2244 in
1342 2204 1485 2255 Syria.
1549 2202 1619 2243 He
1659 2200 1746 2242 had

267 2257 459 2297 received
486 2258 559 2298 the
586 2258 692 2298 little
719 2258 935 2311 kingdom
961 2258 1075 2299 from
1104 2259 1301 2310 Pompey
1325 2262 1372 2298 at
1395 2257 1470 2298 the
1495 2255 1579 2297 end
1605 2255 1654 2296 of
1673 2255 1748 2296 the

271 2310 543 2351 Mithridatio
566 2326 667 2352 war.

326 2369 340 2387 ⁶
371 2364 527 2404 Which
551 2366 796 2405 Antiochus
818 2365 905 2406 had
930 2365 1206 2417 impudently
1228 2364 1428 2405 claimed.

322 2416 341 2440 ‘¹
372 2417 560 2458 Cicero's
593 2422 800 2468 meaning
831 2421 865 2459 is
896 2420 1137 2459 somewhat
1167 2419 1364 2465 obscure,
1396 2419 1488 2460 but.
1520 2417 1747 2468 assuming

265 2471 338 2511 the
362 2475 449 2511 text
479 2477 523 2511 to
554 2473 608 2512 be
638 2474 768 2524 right,
797 2476 825 2513 it
850 2487 988 2513 seems
1013 2478 1057 2513 to
1082 2473 1135 2513 be
1160 2474 1244 2513 this
1265 2490 1273 2513 :
1327 2474 1352 2488 ‘⁶
1375 2474 1437 2513 As
1466 2472 1533 2512 far
1556 2484 1604 2512 as
1630 2471 1648 2511 I
1671 2484 1745 2510 am

264 2526 521 2572 concerned.
546 2527 791 2567 Antiochus
813 2529 846 2567 is
867 2532 912 2567 at
937 2527 1094 2578 liberty
1115 2531 1160 2567 to
1181 2527 1291 2566 have
1311 2539 1337 2565 a
1358 2526 1480 2566 clean
1502 2530 1601 2577 coya
1617 2537 1746 2577 prae-

268 2594 360 2637 520
