1837 3029
879 170 1130 219 CICERO

785 300 832 346 x
868 300 928 363 (1.
968 307 997 346 4
1030 302 1077 360 ἒς
1116 301 1214 363 1-3)

602 443 657 475 Μ.
698 445 885 476 BRUTUS
920 445 957 476 S.
996 446 1042 476 D.
1081 446 1135 476 M.
1172 445 1401 477 mortuom

734 537 1012 589 Dyrrhachii,
1037 551 1168 578 Α.υ.6.
1193 540 1268 578 711

209 637 227 679 l
319 632 526 691 Quanta
561 637 654 681 sim
692 634 888 681 laetitia
926 633 1134 681 affectus
1172 638 1384 698 cognitis
1421 635 1569 683 rebus
1606 634 1748 682 Bruti

255 720 409 762 nostri
439 723 492 763 et
520 717 798 772 consulum,
827 717 1018 764 facilius
1048 725 1126 764 est
1155 719 1246 764 tibi
1277 721 1565 765 existimare
1595 734 1747 781 quam

254 797 374 844 mihi
407 800 624 846 scribere
651 817 661 846 t
713 816 827 846 cum
862 799 957 846 alia
990 799 1140 846 laudo
1175 807 1227 846 et
1260 799 1460 864 gaudeo
1493 800 1748 855 accidisse,

253 890 363 930 tum
391 884 526 947 quod
552 884 694 931 Bruti
722 888 920 948 eruptio
947 901 1047 932 non
1072 885 1232 932 solum
1258 888 1352 948 ipsi
1377 884 1607 932 salutaris
1632 883 1747 940 fuit,

204 974 228 1012 2
252 968 342 1015 sed
377 972 533 1015 etiam
568 974 790 1017 maximo
825 970 889 1016 ad
925 973 1183 1016 victoriam
1219 969 1527 1017 adiumento.
1598 968 1746 1027 Quod

253 1054 423 1100 scribis
455 1053 576 1100 mihi
608 1057 760 1100 trium
793 1055 1129 1101 Antoniorum
1161 1071 1313 1100 unam
1344 1061 1500 1117 atque
1531 1053 1746 1100 eandem

252 1154 455 1184 eausam
482 1155 608 1195 esse,
630 1139 749 1201 quid
772 1156 865 1203 ego
885 1143 1101 1185 sentiam
1121 1143 1220 1185 mei
1239 1140 1406 1186 iudicii
1428 1155 1554 1194 esse,
1575 1144 1745 1185 statuo

254 1219 374 1267 nihil
391 1224 483 1267 nisi
501 1219 611 1276 hoc,
629 1229 834 1267 senatus
854 1229 941 1268 aut
961 1221 1130 1284 populi
1149 1221 1361 1267 Romani
1380 1221 1618 1268 iudicium
1636 1236 1746 1267 esse

251 1303 314 1349 de
336 1306 392 1349 iis
411 1304 618 1359 civibus,
640 1307 723 1366 qui
745 1311 1031 1366 pugnantes
1053 1321 1151 1349 non
1173 1307 1471 1350 interierint.
1527 1303 1632 1349 “At
1653 1301 1745 1348 hoc

252 1385 468 1447 ipsum‚”
503 1389 698 1448 inquies
734 1385 955 1448 “inique
990 1385 1129 1441 facis,
1164 1389 1247 1448 qui
1282 1384 1473 1432 hostilis
1509 1387 1661 1431 animi
1694 1387 1744 1429 in

250 1483 358 1514 rem
378 1468 630 1531 publicam
651 1467 878 1514 homines
901 1471 1031 1514 cives
1054 1466 1329 1531 appelles.'’
1401 1467 1561 1513 Immo
1581 1469 1745 1512 iustis-

250 1552 375 1596 sime
400 1566 411 1606 ;
454 1550 588 1613 quod
614 1554 748 1597 enim
773 1550 997 1597 nondum
1021 1557 1226 1596 senatus
1251 1553 1447 1596 censuit
1472 1566 1564 1595 nec
1588 1565 1744 1612 popu-

253 1632 327 1679 lus
376 1631 631 1679 Romanus
676 1636 835 1688 iussit,
880 1633 930 1678 id
974 1640 1269 1696 arroganter
1315 1649 1414 1679 non
1457 1631 1744 1694 praeiudico

254 1730 419 1777 neque
445 1731 622 1761 revoco
649 1715 713 1761 ad
739 1716 1002 1761 arbitrium
1027 1732 1199 1761 meum
1220 1732 1229 1761 :
1267 1714 1389 1761 illud
1414 1714 1619 1777 quidem
1644 1728 1744 1759 non

251 1805 409 1854 muto,
453 1799 588 1861 quod
627 1802 689 1854 ei,
729 1815 880 1861 quem
919 1816 1000 1845 me
1039 1799 1266 1845 occidere
1303 1815 1383 1845 res
1421 1814 1520 1845 non
1558 1800 1742 1860 coegit,

250 1897 415 1944 neque
458 1881 729 1928 crudeliter
777 1881 1053 1944 quidquam
1099 1885 1257 1945 eripui
1296 1898 1461 1945 neque
1501 1879 1740 1927 dissolute

250 1964 526 2027 quidquam
551 1968 720 2011 remisi
749 1964 1004 2028 habuique
1039 1969 1089 2011 in
1121 1982 1236 2012 mea
1267 1971 1544 2027 potestate,
1576 1963 1742 2027 quoad

249 2049 436 2095 bellum
470 2048 581 2096 fuit.
672 2049 839 2096 Multo
874 2049 1110 2112 equidem
1148 2049 1406 2096 honestius
1441 2048 1605 2097 iudico
1637 2064 1741 2094 ma-

249 2136 425 2195 gisque
459 2133 593 2196 quod
625 2133 900 2180 concedere
927 2137 1082 2196 possit
1112 2150 1189 2180 res
1219 2133 1419 2196 publica
1446 2135 1740 2178 miserorum

248 2215 501 2263 fortunam
542 2233 640 2262 non
678 2220 912 2264 insectari
956 2233 1107 2280 quam
1146 2217 1340 2263 infinite
1386 2215 1608 2262 tribuere
1653 2230 1740 2277 po-

668 2412 685 2430 ⁰
720 2405 769 2444 In
793 2419 962 2445 answer
983 2410 1028 2445 to
1051 2406 1199 2446 Letter
1221 2405 1326 2445 VII.

363 2459 378 2484 δ
410 2459 618 2499 Decimus
645 2460 821 2505 Brutus,
846 2460 943 2499 who
966 2459 1052 2499 had
1077 2459 1245 2499 broken
1269 2463 1345 2500 out
1368 2459 1418 2499 of
1438 2458 1630 2499 Mutina.

777 2520 790 2538 ⁰
822 2514 959 2554 Gaius
982 2516 1215 2555 Antonius.

245 2585 338 2628 656
