1837 3029
821 156 1071 203 CICERO

202 287 401 349 publica
438 288 567 332 bene
604 292 768 348 gesta,
805 285 911 337 sed,
951 290 1006 329 ut
1043 285 1248 337 nemini,
1283 281 1540 344 republica
1575 299 1685 329 con‘

127 383 174 420 12
199 381 413 421 servata.
480 373 652 427 Mitto,
681 372 816 434 quod
843 371 1099 425 invidiam,
1127 370 1261 432 quod
1289 368 1528 431 pericula,
1555 370 1687 432 quod

199 479 372 509 omnes
401 478 538 507 meas
566 466 903 521 tempestates
931 465 984 504 et
1011 459 1239 512 subieris,
1267 464 1321 504 et
1346 456 1507 503 multo
1534 459 1687 503 etiam

199 553 377 611 magis,
403 552 441 594 si
469 565 558 610 per
585 564 665 593 mc
692 546 931 601 licuisset,
956 546 1123 592 subire
1150 547 1494 607 paratissimus
1519 543 1689 600 fueris,

201 638 335 700 quod
372 637 591 698 denique
628 637 883 680 inimicum
920 649 1089 679 meum
1128 640 1273 679 tuum
1308 635 1562 678 inimicum
1600 649 1689 694 pu-

201 728 321 771 taris
345 740 356 779 3
402 727 540 770 cuius
570 725 724 769 etiam
752 724 1034 775 interitum,
1063 727 1120 766 ut
1147 719 1292 766 facile
1320 719 1689 783 intellegerem,

203 811 322 858 mihi
368 818 615 873 quantuni
661 810 927 863 tribueres,
975 807 1178 853 Milonis
1223 824 1374 853 causa
1415 810 1466 853 in
1510 814 1689 854 senatu

203 897 542 952 defendenda,
588 897 893 958 approbaris.
973 896 1017 941 A
1062 912 1143 941 me
1190 902 1362 941 autem
1406 893 1531 941 haec
1573 902 1691 941 sunt

204 985 448 1048 profecta,
478 1002 607 1047 quae
639 1001 733 1047 ego
763 987 812 1029 in
841 983 1054 1029 benefici
1083 982 1190 1028 loco
1220 1000 1318 1029 non
1347 999 1497 1044 pono,
1525 982 1613 1030 sed
1640 985 1689 1028 in

205 1077 307 1120 reri
337 1076 595 1120 testimoni
626 1080 780 1135 atque
809 1072 977 1126 iudici,
1007 1078 1063 1117 ut
1092 1073 1550 1133 praestantissimas
1578 1077 1690 1117 tuas

206 1164 417 1207 virtutes
455 1177 552 1206 non
596 1163 780 1205 tacitus
824 1159 1098 1205 admirarer
1133 1158 1264 1220 (quis
1300 1161 1434 1204 enim
1468 1161 1520 1203 in
1554 1164 1607 1204 te
1641 1159 1691 1205 id

205 1266 305 1295 non
345 1247 466 1294 facit
489 1248 528 1310 ?)
569 1247 659 1294 sed
699 1250 749 1292 in
790 1247 1020 1293 omnibus
1061 1246 1387 1301 orationibus,
1427 1249 1692 1292 sententiis

205 1337 446 1390 dicendiS,
484 1338 644 1381 causis
685 1334 911 1398 agendis,
949 1334 1180 1380 omnibus
1219 1336 1432 1396 scriptis,
1471 1333 1693 1390 Graecis,

208 1424 418 1479 Latinis,
447 1426 583 1469 omni
611 1423 832 1485 denique
862 1425 1108 1468 varietate
1137 1420 1421 1467 litterarum
1449 1438 1694 1477 mearum,

206 1519 259 1558 te
289 1529 389 1558 non
418 1511 568 1558 niodo
596 1513 672 1566 iis,
703 1527 826 1573 quos
857 1510 1169 1564 vidissemus,
1198 1509 1288 1556 sed
1315 1512 1391 1564 iis,
1420 1509 1484 1556 de
1513 1510 1693 1572 quibus

135 1608 181 1646 13
208 1601 536 1654 audissemus,
565 1599 795 1645 omnibus
825 1596 1148 1644 anteferrem.
1211 1596 1437 1655 Quaeres
1464 1596 1695 1653 fortasse,

207 1688 327 1751 quid
361 1690 442 1742 sit,
477 1687 612 1749 quod
647 1703 742 1750 ego
774 1684 869 1732 hoc
903 1688 1070 1732 nescio
1103 1685 1225 1748 quid
1257 1684 1608 1748 gratulationis
1642 1692 1696 1732 et

207 1775 405 1822 honoris
435 1791 463 1821 a
490 1781 671 1821 senatu
700 1777 831 1820 tanti
860 1776 1141 1819 aestimem.
1205 1774 1370 1837 Agam
1399 1775 1497 1819 iam
1526 1780 1695 1820 tecum

207 1862 537 1918 familiariter,
562 1869 620 1908 ut
646 1869 722 1908 est
749 1869 802 1908 et
827 1861 1004 1907 studiis
1031 1868 1084 1907 et
1108 1861 1277 1907 officiis
1303 1863 1483 1908 nostris
1508 1864 1696 1908 mutuis

208 1959 261 1998 et
296 1967 491 1997 summa
527 1953 746 1996 amicitia
782 1950 1009 2012 dignum,
1045 1956 1099 1995 et
1134 1949 1505 1996 necessitudine
1541 1952 1695 1996 etiam

208 2045 435 2101 paterna.
519 2036 568 2083 Si
619 2040 884 2099 quisquam
934 2035 1031 2082 suit
1081 2052 1322 2099 umquam
1370 2043 1594 2083 remotus
1644 2042 1698 2083 et

210 2133 407 2180 natura,
455 2131 509 2171 et
555 2127 715 2188 magis
764 2127 937 2179 etiam,
984 2129 1041 2169 ut
1089 2122 1210 2168 mihi
1256 2123 1462 2186 quidem
1509 2126 1696 2170 sentire

211 2213 397 2268 videor,
439 2215 635 2259 ratione
680 2219 835 2274 atque
878 2212 1123 2266 doctrina,
1167 2212 1231 2258 ab
1272 2213 1410 2257 inani
1451 2210 1600 2258 laude
1645 2219 1696 2258 et

211 2301 521 2346 sermonibus
558 2299 712 2362 vulgi,
750 2316 845 2362 ego
882 2297 1109 2361 profecto
1145 2302 1185 2345 is
1223 2315 1348 2344 sum.
1418 2298 1582 2345 Testis
1619 2306 1697 2346 est

211 2387 497 2434 consulatus
526 2403 685 2441 meus,
713 2390 763 2432 in
792 2403 907 2448 quo,
936 2390 1062 2432 sicut
1091 2389 1140 2431 in
1168 2386 1361 2449 reliqua
1387 2389 1508 2442 vita,
1533 2384 1697 2433 fateor

835 2510 852 2528 ‘²
883 2504 1078 2546 Clodius.

218 2575 309 2617 258
