1837 3029
848 144 1101 191 memo

831 272 909 319 111
948 272 1036 336 (11.
1075 273 1123 335 2)

618 419 671 449 M.
710 417 884 448 CICERO
919 417 957 448 s.
995 417 1043 449 D.
1081 418 1134 448 M.
1175 418 1337 449 BRUTO

758 509 940 556 Romae,
964 522 1096 550 A.u.c.
1121 512 1197 549 711

182 615 202 654 l
296 608 463 654 Planci
483 609 706 652 animum
723 608 774 652 in
790 622 898 651 rem
915 605 1168 667 publicam
1187 607 1466 669 egregium,
1484 604 1727 669 legiones,

230 675 432 729 auxilia,
472 677 638 735 copias
688 689 751 719 ex
793 672 975 719 litteris
1019 675 1143 727 eius,
1183 689 1396 735 quarum
1437 673 1726 735 exemplum

229 745 321 789 tibi
365 745 572 788 missum
616 741 847 795 arbitror,
889 743 1173 801 perspicere
1218 742 1444 801 potuisti.
1529 739 1726 802 Lepidi,

229 814 303 857 tui
341 811 625 863 necessarii,
663 811 748 870 qui
783 807 1062 854 secundum
1098 806 1308 853 fratrem
1351 806 1522 854 affines
1570 807 1728 854 habet

229 894 352 940 quos
399 876 564 923 oderit
609 878 880 937 proximos,
926 874 1192 921 levitatem
1238 882 1290 921 et
1336 877 1727 921 inconstantiam

229 948 555 1006 animumque
583 959 784 1005 semper
809 945 1066 988 inimicum
1093 945 1165 988 rei
1192 941 1423 1004 publicae
1451 945 1551 988 iam
1577 942 1728 989 credo

178 1020 203 1059 2
238 1014 332 1058 tibi
372 1028 435 1058 ex
474 1018 678 1057 tuorum
717 1010 898 1056 litteris
940 1026 1049 1056 esse
1089 1016 1428 1071 perspectum.
1500 1009 1602 1056 Nos
1642 1025 1728 1056 ex-

227 1082 477 1142 spectatio
504 1077 757 1132 sollicitat,
785 1093 915 1140 quae
943 1084 1022 1123 est
1049 1080 1208 1123 omnis
1234 1080 1335 1123 iam
1361 1079 1413 1123 in
1440 1084 1728 1123 extremum

230 1147 450 1193 adducta
485 1145 769 1191 discrimen.
839 1144 932 1190 Est
969 1147 1102 1190 enim
1137 1160 1252 1206 spes
1289 1147 1448 1190 omnis
1484 1147 1535 1190 in
1570 1143 1727 1190 Bruto

180 1222 205 1262 3
231 1212 566 1276 expediendo,
607 1212 670 1258 de
712 1228 813 1274 quo
854 1211 1185 1257 vehementer
1224 1212 1545 1258 timebamus.
1615 1211 1727 1274 Ego

229 1281 308 1328 hic
335 1297 450 1327 cum
477 1279 680 1326 homine
708 1278 894 1325 furioso
923 1282 1042 1324 satis
1071 1278 1235 1325 habeo
1263 1281 1473 1342 negotii,
1500 1277 1726 1333 Servilio,

230 1365 384 1411 quem
407 1347 501 1394 tuli
526 1347 714 1393 diutius
742 1363 894 1409 quarn
919 1346 1138 1409 dignitas
1164 1362 1279 1392 mea
1302 1347 1612 1407 patiebatur,
1636 1345 1726 1392 sed

230 1416 323 1463 tuli
359 1418 432 1462 rei
471 1414 702 1477 publicae
750 1430 917 1468 causa,
958 1430 1021 1460 ne
1068 1413 1242 1460 darem
1287 1413 1498 1475 perditis
1537 1413 1726 1460 civibus

230 1483 503 1537 hominem,
542 1498 720 1544 parum
762 1497 940 1527 sanum
982 1480 1120 1526 illum
1163 1480 1387 1543 quidem,
1425 1480 1514 1528 sed
1552 1487 1727 1527 tamen

231 1550 469 1604 nobilem,
489 1566 588 1612 quo
611 1555 985 1603 concurrerent,
1007 1548 1142 1610 quod
1162 1547 1355 1594 faciunt
1371 1547 1524 1594 nihilo
1543 1551 1726 1604 minus,

230 1618 319 1665 sed
363 1635 481 1664 eum
524 1616 846 1662 alienandum
895 1632 924 1661 a
970 1633 1023 1661 re
1071 1615 1271 1677 publica
1315 1632 1415 1662 non
1462 1616 1723 1677 putabam.

231 1687 408 1732 finem
438 1683 535 1731 feci
562 1687 666 1730 eius
700 1682 911 1730 ferendi.
982 1683 1235 1744 Coeperat
1266 1686 1400 1729 enim
1435 1699 1543 1730 esse
1579 1689 1726 1729 tanta

229 1752 513 1807 insolentia,
545 1758 602 1797 ut
633 1754 889 1797 neminem
923 1750 1136 1796 liberum
1168 1750 1392 1796 duceret.
1464 1749 1524 1796 In
1555 1749 1725 1796 Planci

232 1837 349 1866 vero
378 1835 528 1865 causa
562 1821 749 1865 exarsit
784 1818 1059 1863 incredibili
1085 1817 1273 1872 dolore,
1301 1834 1602 1880 mecumque
1636 1833 1726 1879 per

229 1888 438 1934 biduum
464 1889 536 1933 ita
560 1885 823 1932 contendit
850 1892 901 1931 et
928 1902 957 1930 a
982 1901 1063 1931 me
1088 1888 1161 1931 ita
1185 1883 1374 1931 fractus
1401 1892 1497 1940 est,
1523 1891 1581 1931 ut
1606 1901 1723 1931 eum

229 1959 279 2001 in
316 1961 621 2017 perpetuum
651 1953 1009 1999 modestiorem
1042 1968 1241 2013 sperem
1274 1950 1396 1998 fore.
1469 1952 1641 2014 Atque
1672 1954 1723 1998 in

294 2082 314 2101 ⁶
346 2076 397 2117 L.
424 2076 656 2116 Munatius
681 2075 884 2122 Plancus,
907 2088 1123 2125 governor
1144 2075 1195 2114 of
1212 2073 1358 2115 Gallia
1380 2073 1581 2117 Comata.
1643 2073 1729 2115 For

234 2130 300 2171 liis
324 2130 530 2170 relations
552 2134 596 2169 to
619 2130 770 2169 Cicero
793 2143 862 2169 sec
889 2130 1001 2181 Iz'pp.
1024 2130 1082 2169 ατ]
1107 2129 1230 2169 Fam.
1254 2143 1294 2168 x.
1322 2131 1432 2169 1-24.

296 2185 311 2209 ⁶
348 2185 409 2224 M.
434 2184 646 2223 Aemilius
671 2183 877 2234 Lepidus.
899 2184 970 2222 the
990 2184 1137 2222 futur(-
1158 2183 1371 2222 triumvir.
1435 2182 1494 2222 At
1513 2181 1598 2221 this
1619 2183 1724 2222 time

236 2239 289 2279 lie
324 2252 414 2279 was
449 2252 666 2290 governor
701 2240 751 2278 of
782 2237 929 2278 Gallia
964 2239 1165 2283 Comata,
1202 2236 1290 2277 and
1325 2237 1400 2277 the
1435 2235 1640 2277 husband
1676 2237 1728 2277 of

239 2292 415 2333 Brutus'
449 2294 587 2332 sister.
650 2292 718 2332 He
750 2290 1066 2343 subsequently
1098 2289 1334 2332 consented
1367 2294 1413 2331 to
1446 2290 1513 2331 his
1544 2290 1724 2331 brother

235 2347 378 2441 '’⁰2¹¹ss
389 2345 622 2441 plSzicedlon
644 2346 717 2439 ἵξις
732 2346 1030 2439 tproscription
1052 2345 1159 2387 lists..
1225 2398 1238 2439 l
1265 2344 1722 2441 ⁶48DecimuIsIBr13tus.

235 2455 361 2496 cated
383 2413 655 2507 ieggffizffiffn
678 2414 791 2494 waiti?
810 2412 1221 2507 Νῗὲἲιῗῖῐῗέοῗᾷῗω
1350 2412 1431 2442 ¹³⁴³·
1538 2412 1562 2440 ‘²
1587 2412 1614 2439 ⁸
1648 2412 1721 2440 ‘'⁶’‘

295 2517 308 2534 ⁸
341 2509 563 2560 Antony's
584 2508 833 2549 adherents.

230 2580 324 2629 630
