1837 3029
844 178 1094 226 CICERO

230 316 370 355 tuum
407 307 683 353 cuiusmodi
719 309 819 359 sit3
873 305 956 350 ubi
991 304 1202 348 Brutum
1239 309 1464 348 nostrum
1499 302 1714 357 videris;

227 375 467 438 quamdiu
527 372 672 419 simul
731 371 919 425 fueris3
985 370 1188 424 deinde,
1246 386 1359 415 cuni
1418 372 1714 431 processeris

229 443 442 505 lougius,
469 441 530 487 de
559 439 745 485 bellicis
772 439 939 492 rebus,
965 438 1028 484 de
1059 444 1169 483 toto
1195 439 1418 499 negotio,
1454 443 1510 482 ut.
1547 439 1715 482 existi-

228 526 365 556 mare.
402 511 665 570 possimus,
701 523 801 568 quo
838 511 975 550 statu
1011 507 1179 549 simus.
1252 504 1361 565 Ego
1397 510 1598 549 tantum
1634 520 1715 549 me

227 581 351 622 scire
380 576 589 637 putabo,
618 580 865 635 quantum
896 588 957 617 ex
987 574 1086 617 tuis
1114 570 1296 616 litteris
1325 569 1523 616 habebo
1550 573 1716 633 cogni-

228 652 353 689 tum.
425 642 556 687 Cura
593 647 650 687 ut
686 639 870 694 valeas,
907 654 1091 701 meque
1129 653 1267 684 ames
1304 653 1473 684 amore
1509 635 1592 683 illo
1628 644 1717 683 tuo

228 708 483 773 singulari.

913 803 1035 849 XXI

566 917 621 950 M.
658 918 703 948 T.
741 919 781 948 C.
818 917 856 948 S.
894 917 938 947 P.
976 917 1022 947 D.
1059 917 1100 946 C.
1136 915 1386 946 TREBONIO

770 1002 934 1046 ioniae,
956 1013 1087 1039 Astur.
1110 1001 1207 1039 708.

183 1096 203 1137 1
295 1088 361 1134 Et
395 1085 663 1150 epistulam
697 1091 838 1131 tuam
871 1083 970 1147 legi
1001 1082 1237 1137 libenter,
1269 1089 1320 1129 et
1352 1082 1531 1129 librum
1563 1082 1718 1130 liben-

230 1159 458 1208 tissime3
521 1153 609 1199 sed
654 1159 828 1197 tamen
872 1154 920 1196 in
967 1166 1026 1196 ea
1073 1149 1332 1212 voluptate
1376 1149 1507 1197 hunc
1550 1153 1718 1212 accepi

229 1222 471 1275 dolorem,
507 1220 659 1282 quod,
695 1235 809 1264 cum
841 1218 1146 1263 incendisses
1183 1217 1515 1278 cupiditatem
1552 1234 1717 1264 meam

228 1288 605 1336 consuetudinis
653 1292 854 1331 nostrae
897 1285 1161 1346 augendae
1204 1284 1341 1346 (nam
1386 1284 1449 1331 ad
1497 1301 1718 1331 amorem

231 1357 436 1419 quidem
462 1353 582 1400 nihil
609 1359 813 1415 poterat
839 1351 1118 1413 accedere),
1136 1357 1247 1396 tum
1274 1351 1487 1397 discedis
1513 1367 1541 1397 a
1560 1352 1719 1407 nobis,

231 1439 414 1485 meque
431 1428 577 1467 tanto
594 1419 843 1466 desiderio
860 1419 1028 1473 afficiS,
1045 1424 1103 1464 ut
1119 1434 1271 1464 unam
1288 1417 1408 1463 mihi
1425 1417 1720 1465 consolatio-

231 1507 346 1536 nem
383 1488 655 1550 relinquas,
692 1485 799 1532 fore
837 1492 896 1531 ut
932 1488 1194 1547 utriusque
1233 1491 1459 1530 nostrum
1498 1486 1720 1532 absentis

229 1557 534 1604 desiderium
559 1555 744 1600 crebris
769 1559 822 1599 et
845 1551 1006 1613 longis
1031 1551 1257 1614 epistulis
1281 1551 1514 1598 leniatur.
1572 1552 1721 1610 Quod

231 1641 327 1685 ego
358 1640 458 1669 non
489 1622 639 1668 modo
671 1621 734 1668 de
767 1635 848 1665 me
880 1620 973 1665 tibi
1004 1620 1248 1681 spondere
1287 1635 1508 1681 possum,
1537 1620 1626 1666 sed
1657 1620 1720 1666 de

228 1699 282 1737 tc
328 1693 483 1736 etiam
527 1687 663 1734 mihi.
747 1685 948 1732 Nullam
994 1689 1127 1732 enim
1174 1686 1308 1747 apud
1352 1702 1434 1732 me
1477 1685 1721 1748 reliquisti

181 1764 206 1804 2
231 1758 623 1810 dubitationem,
663 1761 911 1816 quantum
950 1769 1031 1799 me
1073 1769 1282 1798 amares.
1358 1752 1505 1807 Nam,
1545 1760 1602 1799 ut
1640 1753 1722 1799 illa

230 1828 483 1878 omittam,
513 1837 643 1885 quae
673 1824 878 1867 civitate
910 1827 1043 1866 teste
1073 1818 1255 1874 fecisti,
1278 1836 1392 1865 cum
1421 1835 1619 1866 mecum
1651 1824 1723 1866 in-

230 1894 462 1938 imicitias
512 1890 910 1941 communicasti,
960 1904 1073 1932 cum
1128 1903 1209 1932 me
1258 1887 1574 1933 contionibus
1624 1890 1723 1933 tuis

230 1957 522 2011 defendisti,
556 1972 669 2001 cum
712 1961 950 2016 quaestor
990 1957 1040 1999 in
1080 1970 1195 1999 mea
1236 1960 1391 2015 atque
1433 1956 1483 1999 in
1525 1954 1722 2015 publica

294 2061 311 2077 ⁰
343 2054 448 2093 'l'bis
486 2051 703 2105 probably
741 2052 875 2091 refers
912 2056 957 2091 to
999 2050 1066 2090 his
1105 2052 1298 2102 meeting
1335 2050 1438 2090 with
1480 2050 1642 2091 Brutus
1680 2053 1723 2091 in

236 2107 458 2159 Cisalpine
480 2105 596 2146 Gaul
619 2108 660 2145 in
683 2108 751 2145 46.

297 2162 312 2185 ⁶
343 2162 381 2201 A
404 2160 630 2200 collection
651 2159 896 2199 Trebonius
919 2157 1003 2198 had
1036 2157 1167 2198 made
1196 2157 1283 2198 and
1311 2160 1406 2197 sent
1435 2160 1481 2198 to
1509 2157 1660 2198 Cicero
1679 2158 1729 2199 of

237 2222 263 2238 “
278 2213 612 2258 Ciceroniana‚’'
637 2213 777 2252 which
800 2212 972 2252 elicited
993 2211 1079 2251 this
1101 2211 1224 2251 letter
1242 2211 1292 2250 of
1308 2209 1486 2252 thanks.

296 2273 310 2292 ⁶
343 2270 368 2285 ‘⁸
388 2268 648 2312 Trebonius,
666 2279 714 2306 as
732 2270 940 2318 quaestor
959 2267 1001 2305 in
1022 2268 1090 2312 60,
1108 2264 1195 2304 had
1215 2264 1468 2316 vigorously
1485 2264 1725 2316 supported

235 2322 308 2363 the
354 2321 544 2368 consuls,
588 2321 799 2360 Afranius
845 2318 932 2359 and
985 2318 1190 2358 Metellus
1237 2317 1374 2364 Celer,
1418 2320 1461 2358 in
1507 2321 1726 2371 opposing

234 2377 308 2415 the
341 2376 531 2420 tribune.
567 2373 616 2415 C.
650 2374 911 2419 Herennius,
945 2372 1043 2413 who
1077 2372 1270 2423 brought
1299 2371 1487 2412 forward
1517 2385 1544 2411 a
1573 2372 1655 2412 law
1682 2375 1724 2412 in

232 2432 390 2470 favour
435 2430 485 2469 of
522 2428 595 2469 the
638 2428 933 2468 transference
974 2428 1025 2467 of
1062 2426 1243 2467 Clodius
1284 2429 1330 2466 to
1372 2426 1446 2466 the
1488 2425 1725 2477 plebeians.

234 2484 349 2523 Wbo
371 2481 667 2577 l'lI‘rebonius's
702 2481 928 2533 colleague
965 2492 1054 2520 was
1091 2482 1127 2521 is
1165 2484 1241 2520 not
1267 2479 1478 2531 certainly
1516 2479 1726 2521 known.'’

232 2538 368 2589 Tyrre
403 2567 413 2577 .

242 2597 337 2640 310
