1837 3029
876 174 1127 221 CICERO

258 303 596 366 profligatum,
624 310 680 349 ut
707 319 871 364 neque
898 306 1180 364 potentiam
1208 306 1331 357 eius,
1358 307 1442 365 qui
1469 307 1746 350 exercitum

258 397 496 442 victorem
531 394 704 449 habet,
737 410 902 456 neque
933 397 1281 440 temeritatem
1312 397 1454 457 pueri
1487 401 1638 458 putet
1663 411 1748 442 ex-

257 486 622 534 timescendam
654 485 805 532 esse?
855 501 919 531 an
950 484 1042 531 hoc
1074 488 1236 547 ipsum
1269 502 1331 532 ea
1359 502 1413 532 re
1443 485 1583 541 facit,
1614 486 1749 549 quod

258 578 324 624 illi
367 584 575 640 propter
615 576 1002 639 amplitudinem
1045 580 1213 622 omnia
1251 579 1351 622 iam
1390 576 1623 640 ultroque
1663 578 1749 624 de-

258 668 469 717 ferenda
510 667 703 731 putat?
770 667 816 716 O
856 685 1094 731 magnam
1137 668 1408 715 stultitiam
1448 672 1658 725 timoris,
1697 670 1748 716 id

257 765 439 824 ipsum,
465 759 601 824 quod
632 763 865 815 verearis,
893 762 966 806 ita
995 776 1191 816 cavere,
1216 767 1290 815 ut,
1316 776 1430 806 cum
1461 763 1618 807 vitare
1652 760 1749 807 for-

256 860 390 899 tasse
422 854 662 915 potueris,
692 851 827 898 ultro
857 867 1075 897 arcessas
1111 858 1164 897 et
1197 850 1457 898 attrahas!
1527 851 1747 899 Nimium

256 947 493 991 timemus
519 950 736 990 mortem
770 950 823 989 et
849 943 1079 989 exsilium
1107 950 1160 989 et
1185 949 1573 1006 paupertatem:
1623 942 1749 991 haec

257 1039 512 1083 nimiruml
542 1034 777 1081 videntur
808 1034 1034 1081 Ciceroni
1068 1035 1245 1080 ultima
1278 1051 1388 1082 esse
1419 1037 1470 1081 in
1501 1035 1662 1091 malis,
1695 1043 1750 1083 et

257 1128 378 1175 dum
396 1126 586 1174 habeat
605 1144 633 1172 a
653 1127 831 1189 quibus
858 1129 1117 1188 impetret,
1137 1143 1266 1188 quae
1287 1126 1425 1182 velit,
1446 1133 1499 1173 et
1519 1143 1548 1173 a
1568 1128 1747 1190 quibus

256 1219 449 1267 colatur
486 1235 543 1265 36
579 1218 832 1273 laudetur,
869 1221 1185 1273 servitutem,
1221 1216 1545 1265 honorificam
1581 1219 1748 1276 modo,

256 1328 358 1359 non
390 1312 795 1373 aspernatur—si
829 1309 1107 1372 quidquam
1138 1311 1190 1354 in
1225 1316 1455 1356 extrema
1488 1326 1545 1356 ac
1578 1313 1749 1357 miser-

206 1411 231 1449 5
256 1406 382 1450 rima
402 1401 708 1448 contumelia
728 1407 899 1463 potest
921 1399 1246 1447 honorificum
1269 1417 1393 1448 esse.
1464 1400 1608 1448 Licet
1629 1418 1748 1466 ergo

256 1502 455 1558 patrem
485 1492 709 1556 appellet
739 1492 977 1539 Octavius
1008 1491 1320 1548 Ciceronem,
1348 1491 1537 1540 referat
1565 1496 1750 1550 omnia,

256 1586 448 1641 laudet,
488 1588 676 1647 gratias
719 1591 856 1647 agat,
897 1592 1071 1630 tamen
1111 1584 1232 1630 illud
1274 1586 1557 1647 apparebit,
1598 1587 1751 1632 verba

257 1679 405 1725 rebus
448 1693 557 1724 esse
598 1679 882 1723 contraria:
943 1675 1063 1738 quid
1105 1679 1238 1722 enim
1279 1683 1386 1722 tam
1427 1676 1646 1723 alienum
1687 1678 1751 1724 ab

257 1769 487 1816 humanis
518 1769 745 1815 sensibus
779 1775 857 1815 est
888 1785 1040 1831 quam
1073 1784 1189 1814 eum
1220 1771 1376 1830 patris
1407 1766 1595 1816 habere
1626 1769 1751 1825 loeo,

258 1864 343 1925 qui
374 1877 437 1907 ne
467 1860 611 1907 liberi
643 1860 848 1922 quidem
877 1858 1091 1906 hominis
1118 1876 1327 1906 numero
1357 1860 1464 1906 sit?
1515 1863 1658 1923 atqui
1691 1877 1751 1908 eo

258 1953 442 2008 tendit,
469 1951 520 1998 id
546 1954 670 2015 agit,
697 1951 761 1997 ad
788 1968 904 1997 eum
932 1953 1125 1996 exitum
1152 1958 1391 2013 properat
1417 1954 1488 1998 vir
1513 1955 1752 2015 optimus,

260 2051 316 2091 ut
336 2048 399 2090 sit
420 2044 486 2089 illi
510 2043 748 2089 Octavius
770 2046 1030 2104 propitius,
1090 2042 1198 2103 Ego
1218 2059 1333 2089 vero
1359 2046 1458 2089 iam
1483 2046 1540 2089 iis
1561 2045 1750 2090 artibus

260 2136 379 2182 nihil
411 2136 594 2190 tribuo,
630 2136 809 2197 quibus
849 2136 1141 2179 Ciceronem
1175 2137 1275 2180 scio
1311 2138 1750 2181 instructissimum

260 2245 368 2275 esse
395 2243 406 2283 ;
461 2227 581 2290 quid
634 2230 767 2272 enim
819 2226 886 2271 illi
935 2232 1161 2288 prosunt,
1206 2242 1335 2288 quae
1381 2242 1472 2289 pro
1514 2225 1750 2273 libertate

259 2322 471 2382 patriae,
505 2334 636 2380 quae
674 2317 737 2364 de
775 2317 1045 2380 dignitate,
1078 2333 1208 2379 quae
1243 2317 1307 2363 de
1349 2323 1530 2373 morte,
1561 2317 1752 2374 exsilio,

259 2416 563 2473 paupertate
581 2412 775 2471 scripsit
794 2408 1164 2471 copiosissime?
1195 2414 1385 2471 quanto
1402 2414 1575 2455 autem
1591 2411 1751 2473 magis

805 2524 826 2552 ²
855 2525 1012 2578 Stanql
1030 2541 1043 2569 z
1081 2525 1205 2569 mihi.

257 2597 350 2642 678
