1868 3040
875 171 1126 217 CICERO

259 305 431 345 tamen
460 299 637 345 vidisse
664 305 715 344 te
742 298 959 343 mallem.
1030 298 1158 343 Nam
1185 298 1320 359 quod
1354 304 1432 343 est
1463 296 1743 351 molestiae,

263 412 359 440 non
378 413 496 441 sane
515 395 673 441 multo
689 394 844 440 levius
863 402 1079 448 cst,cum
1098 402 1149 440 te
1169 411 1265 439 non
1285 393 1427 439 video
1448 408 1458 448 ;
1484 393 1618 455 quod
1634 407 1743 439 esse

259 496 427 554 potuit
458 493 747 554 voluptatis.
777 499 933 546 certe,
965 495 1001 536 si
1036 492 1264 537 vidissem
1299 498 1370 545 te,
1408 490 1518 552 plus
1548 489 1741 535 fuisset.

262 589 443 651 Itaque
480 607 577 635 non
620 589 864 635 dubitabo
908 589 1026 634 dare
1069 605 1293 650 operam,
1336 594 1393 634 ut
1434 594 1486 634 te
1529 587 1744 641 videam,

258 703 371 732 cum
422 686 469 732 id
519 690 640 732 satis
690 686 951 732 commode
1001 685 1167 732 facere
1217 692 1444 746 potuero.
1523 684 1744 738 Interea,

259 784 393 845 quod
421 801 509 845 per
533 784 728 829 litteras
755 790 806 829 et
835 786 914 846 agi
941 790 1108 829 tecum
1138 790 1208 837 et,
1234 789 1290 828 ut
1317 783 1545 836 arbitror,
1570 781 1743 827 confici

211 887 235 925 {0

260 888 446 941 potest,
479 897 625 943 agam
662 898 806 926 nunc.
848 881 920 925 Ac
954 888 1005 926 te
1040 879 1160 926 illud
1193 883 1408 941 primum
1442 879 1647 941 rogabo,
1680 894 1743 924 ne

258 978 379 1040 quid
416 981 599 1024 invitus
638 995 751 1023 mea
791 995 939 1023 causa
979 976 1165 1031 sacias3
1221 977 1310 1023 sed
1350 976 1416 1031 id,
1457 976 1591 1038 quod
1628 992 1744 1022 mea

258 1075 541 1137 intelleges,
573 1082 663 1121 tua
695 1074 880 1120 nullam
916 1078 963 1120 iu
998 1081 1195 1136 partem
1230 1074 1445 1119 multum
1482 1076 1744 1128 interesse,

259 1175 328 1217 ita
354 1172 474 1218 mihi
500 1172 607 1228 des,
632 1176 670 1218 si
698 1173 807 1228 tlibi,
834 1179 890 1218 ut
908 1172 958 1218 id
979 1171 1196 1218 libenter
1215 1170 1384 1226 facias,
1405 1178 1523 1217 ante
1544 1187 1745 1232 persua-

230 1308 235 1335 5
257 1274 393 1316 seriS.
463 1270 589 1316 Cum
616 1269 834 1316 Patrone
862 1270 1111 1332 Epicureo
1137 1268 1257 1315 mihi
1282 1272 1450 1315 omnia
1474 1275 1621 1324 sunt3
1655 1271 1744 1314 nisi

258 1368 394 1430 quod
417 1371 467 1413 in
493 1367 806 1430 philosophia
825 1367 1157 1414 vehementer
1175 1367 1238 1413 ab
1259 1383 1318 1413 eo
1339 1367 1595 1413 dissentio.
1646 1366 1746 1413 Sed

261 1472 314 1511 et
338 1468 480 1511 initio
506 1465 714 1521 Romae,
739 1482 852 1511 cum
879 1472 930 1511 te
954 1481 1155 1527 quoque
1178 1471 1231 1511 et
1252 1471 1364 1510 tuos
1386 1481 1559 1510 onmes
1580 1464 1747 1510 obser-

261 1562 431 1617 vabat,
460 1579 541 1608 me
571 1561 725 1608 coluit
758 1565 807 1608 in
841 1565 1030 1624 primis,
1067 1568 1121 1608 et,
1154 1578 1331 1623 nuper,
1360 1578 1474 1607 cum
1508 1577 1586 1616 ea,
1616 1577 1746 1624 quae

258 1659 431 1714 voluit,
459 1659 523 1706 de
551 1663 650 1706 suis
679 1660 952 1705 commodis
983 1666 1036 1705 et
1064 1662 1297 1720 praemiis
1326 1665 1623 1704 consecutus
1652 1665 1747 1714 est,

257 1774 338 1803 me
386 1756 563 1804 habuit
607 1774 810 1804 suorum
855 1755 1178 1803 defensorum
1225 1763 1278 1802 et
1324 1759 1595 1803 amicorum
1641 1754 1746 1802 fere

264 1857 539 1917 principem
564 1870 575 1910 3
612 1862 666 1901 et
695 1858 793 1900 iam
826 1872 855 1901 a
885 1854 1132 1910 Phaedro,
1163 1857 1246 1916 qui
1279 1855 1437 1908 nobis,
1467 1871 1579 1900 cum
1606 1857 1746 1916 pueri

257 1969 498 2007 essemus,
528 1959 803 2015 antequam
835 1951 1095 1998 Philonem
1134 1955 1474 2014 cognovimus,
1505 1950 1648 1997 valde
1691 1958 1747 1998 ut

257 2049 596 2111 philosophus,
624 2056 803 2112 postea
829 2056 1021 2104 tamen,
1050 2056 1107 2095 ut,
1135 2052 1206 2094 vir
1234 2049 1392 2094 bonus
1423 2056 1475 2094 et
1502 2051 1664 2094 suavis
1694 2055 1747 2095 et.

257 2147 499 2193 officiosus
520 2147 846 2208 probabatur,
867 2147 1082 2193 traditus
1109 2145 1227 2191 mihi
1261 2146 1745 2208 commendatusque

206 2251 231 2290 3
257 2223 349 2291 est.
420 2244 467 2290 Is
510 2248 665 2308 igitur
709 2244 860 2290 Patro
904 2262 1016 2290 cum
1062 2244 1127 2290 ad
1170 2260 1250 2290 me
1297 2243 1507 2308 Romam
1550 2243 1745 2290 litteras

257 2344 491 2396 misisset,
521 2344 594 2388 uti
625 2349 677 2387 te
708 2342 799 2387 sibi
830 2341 1081 2403 placarem
1111 2348 1463 2402 peteremque,
1493 2347 1550 2386 ut
1579 2343 1745 2386 nescio

259 2439 380 2502 quid
403 2439 526 2485 illud
551 2439 751 2500 Epicuri
778 2442 1137 2500 parietinarum
1163 2439 1255 2484 sibi
1281 2437 1601 2494 concederes,
1624 2436 1745 2484 nihil

267 2593 299 2634 8,
