1837 3029
819 164 1071 211 CICERO

914 312 983 358 IV

536 459 591 490 M.
627 459 672 489 T.
709 460 749 488 (¹.
789 458 894 488 1311’.
930 457 967 487 S.
1006 458 1052 487 1).
1091 457 1143 487 M.
1180 456 1356 487 CATONI

742 559 880 607 Tarsi,
904 573 1034 598 A.u.c.
1060 561 1154 598 704.

159 676 178 716 l
269 669 473 713 Summa
501 673 591 712 tua
619 667 891 710 auctoritas
919 662 1058 717 fecit,
1085 679 1358 726 meumque
1384 671 1685 726 perpetuum

206 737 268 782 dc
314 743 404 780 tua
446 731 685 795 singulari
730 734 916 776 virtute
960 731 1217 785 iudicium,
1261 737 1319 776 ut
1362 734 1532 794 magni
1574 747 1687 777 mea

205 806 449 848 interesse
486 806 738 862 putarem,
774 805 828 843 et
864 813 942 843 res
979 813 1082 852 eas,
1118 813 1242 859 quas
1277 800 1562 860 gessissem,
1596 798 1688 844 tibi

206 876 351 915 notas
389 883 515 921 esse,
553 873 606 912 et
640 881 741 911 non
776 867 993 927 ignorari
1031 880 1059 909 a
1094 870 1166 918 te,
1203 879 1303 926 qua
1339 867 1600 926 aequitate
1637 870 1690 910 et

205 936 519 981 continentia
542 939 715 978 tuerer
746 934 902 977 socios
934 933 1342 992 provinciamque
1376 931 1690 977 administra-

207 1019 328 1048 rem.
388 1001 479 1046 His
505 1002 638 1045 enim
670 1015 698 1044 a
721 1005 775 1044 te
808 1000 1040 1059 cognitiS,
1073 998 1355 1043 arbitrabar
1384 995 1577 1043 facilius
1607 1013 1690 1044 me

208 1070 317 1122 tibi,
342 1083 472 1130 quae
498 1065 696 1120 vellem,
728 1065 1074 1126 probaturum.
1145 1063 1272 1109 Cum
1304 1067 1354 1109 in
1386 1065 1691 1126 provinciam

206 1136 365 1198 pridie
402 1132 513 1179 Kal.
547 1132 687 1178 Sext.
721 1134 986 1185 venissem,
1020 1137 1073 1176 et
1104 1137 1311 1192 propter
1342 1134 1458 1176 anni
1489 1138 1692 1194 tempus

208 1203 270 1249 ad
302 1203 581 1248 exercitum
611 1197 731 1244 mihi
761 1197 1027 1245 confestim
1059 1213 1167 1243 esse
1199 1197 1421 1243 eundum
1452 1198 1693 1253 viderem,

205 1269 415 1315 biduum
441 1267 722 1313 Laodiceae
744 1264 834 1319 fui,
858 1265 1042 1311 deinde
1065 1264 1326 1325 Apameae
1349 1265 1694 1327 quatriduum,

206 1336 430 1382 triduum
463 1333 730 1397 SynnadiS,
762 1332 979 1378 totidem
1013 1331 1120 1377 dies
1154 1330 1432 1377 Philomeli.
1498 1331 1693 1389 Quibus

207 1406 257 1448 in
304 1401 500 1464 oppidis
546 1416 661 1446 cum
707 1401 877 1461 magni
925 1404 1202 1444 conventus
1239 1396 1472 1452 fuissent,
1508 1397 1693 1444 multas

207 1471 437 1515 civitates
462 1467 791 1513 acerbissimis
824 1465 1026 1511 tributis
1053 1471 1106 1510 et.
1129 1467 1432 1526 gravissimis
1456 1468 1616 1511 usuris
1641 1472 1694 1512 et

207 1535 332 1582 falso
364 1550 480 1581 aere
518 1533 680 1579 alieno
714 1532 938 1578 liberavi.
999 1530 1229 1593 Cumque
1265 1538 1385 1577 ante
1418 1531 1693 1578 adventum

207 1619 378 1649 meum
411 1601 660 1648 seditione
695 1599 914 1662 quadam
951 1601 1202 1644 exercitus
1238 1605 1372 1644 esset
1406 1598 1694 1661 dissipatus,

208 1672 431 1733 quinque
463 1666 694 1713 cohortes
726 1669 833 1711 sine
865 1664 1054 1727 legato,
1086 1668 1192 1711 sine
1225 1666 1428 1711 tribuno
1459 1664 1695 1720 militum,

208 1737 427 1798 denique
449 1737 604 1780 etiam
624 1736 731 1779 sine
751 1735 1046 1779 centurione
1068 1731 1167 1778 ullo
1189 1732 1323 1794 apud
1345 1731 1693 1778 Philomelium

207 1803 570 1855 consedissent,
607 1799 828 1862 reliquus
868 1802 1119 1844 exercitus
1159 1805 1294 1844 esset
1331 1801 1383 1844 in
1423 1798 1694 1861 Lycaonia,

213 1870 285 1915 M
314 1870 512 1915 Anneio
536 1867 708 1930 legato
734 1869 993 1927 imperavi,
1021 1872 1077 1911 ut
1105 1881 1188 1911 eas
1215 1868 1438 1927 quinque
1464 1865 1694 1912 cohortes

210 1937 273 1983 ad
303 1935 551 1998 reliquum
584 1936 861 1979 exercitum
893 1933 1120 1986 duceret,
1151 1939 1427 1994 coactoque
1458 1935 1507 1977 in
1541 1950 1694 1978 unum

209 2003 370 2049 locum
415 2004 659 2055 exercitu,
699 2006 864 2046 castra
903 2002 953 2044 in
998 1999 1252 2061 Lycaonia
1294 1999 1427 2061 apud
1470 1999 1695 2045 Iconium

157 2082 181 2120 3
206 2070 412 2117 faceret.
478 2068 626 2126 Quod
662 2084 776 2113 cum
814 2067 877 2113 ab
913 2065 995 2112 illo
1032 2065 1303 2129 diligenter
1339 2072 1474 2112 esset
1510 2073 1697 2122 actum,

159 1077 182 1115 [Ο

274 2253 290 2271 ‘¹
325 2245 544 2286 Laodicea
578 2258 667 2285 was
700 2258 757 2285 on
793 2244 866 2285 the
899 2249 1021 2285 coast
1054 2245 1105 2284 of
1134 2243 1279 2294 Syria,
1313 2243 1451 2283 about
1484 2247 1538 2284 50
1573 2245 1696 2286 miles

215 2301 344 2341 south
370 2301 420 2339 of
442 2299 661 2344 Antioch;
705 2299 906 2350 Apamea
932 2312 988 2339 on
1014 2298 1088 2338 the
1113 2297 1258 2337 banks
1283 2298 1333 2337 of
1352 2297 1426 2338 the
1456 2297 1698 2340 Maeander

218 2357 259 2394 in
295 2355 516 2405 Phrygia:
564 2352 780 2405 Synnada
810 2354 853 2392 in
885 2352 958 2393 the
990 2352 1117 2392 north
1149 2353 1199 2391 of
1228 2351 1421 2402 Phrygia
1451 2351 1693 2400 Salutaris;

216 2408 304 2448 and
341 2406 647 2447 Philomelium
682 2409 724 2446 in
761 2406 956 2458 Phrygia
990 2406 1209 2452 Pax-orius,
1242 2418 1298 2444 on
1332 2405 1406 2445 the
1439 2405 1619 2448 borders
1650 2409 1699 2448 of

219 2463 444 2513 Lycaonia
464 2461 552 2501 and
577 2460 754 2507 Pisidia,
775 2459 868 2500 also
890 2459 1140 2499 mentioned
1164 2461 1206 2498 in
1229 2460 1287 2499 iii.
1312 2461 1351 2499 8.
1373 2463 1415 2500 5.
1436 2461 1478 2501 6.

280 2517 295 2540 ⁶
326 2515 407 2557 See
429 2515 502 2556 the
523 2514 834 2566 Introductory
856 2519 956 2555 note
977 2518 1020 2554 to
1041 2514 1126 2553 this
1149 2511 1289 2553 Book.

218 2577 313 2626 246
