1868 3040
879 185 1130 232 CICERO

262 324 435 363 autern
481 314 603 362 mihi
640 316 888 361 vinculum
938 332 1050 361 cum
1101 331 1161 361 eo
1198 322 1276 361 est
1313 317 1455 377 quasi
1491 317 1749 361 sanctioris

262 403 520 450 cuiusdam
548 403 948 456 necessitudinis,
975 402 1108 464 quod
1140 409 1217 448 est
1244 403 1401 448 Attici
1428 405 1583 448 nostri
1609 400 1751 447 fami-

262 490 549 536 liarissimus
587 506 806 552 eumque
850 506 1005 536 unum
1047 497 1251 552 praeter
1286 497 1482 536 ceteros
1518 489 1752 535 observat

214 584 238 623 2
265 594 321 623 ac
349 578 528 639 diligit.
594 577 758 634 Quem
792 580 830 622 si
864 584 922 623 tu
957 580 1057 622 iam
1083 575 1213 623 forte
1247 579 1492 639 cognosti,
1516 583 1641 638 puto
1670 590 1753 620 me

264 664 373 719 hoc,
390 665 521 726 quod
539 663 684 718 facio,
699 663 865 710 facere
881 668 1052 710 scrius.
1103 664 1176 709 Ea
1194 671 1271 710 est
1287 667 1418 709 enim
1435 662 1752 709 humanitate

265 759 318 798 et
350 753 687 806 observantia,
722 759 778 797 ut
812 768 927 797 cum
962 753 1052 798 tibi
1086 755 1186 797 iam
1218 755 1381 813 ipsum
1415 767 1506 813 per
1537 766 1590 796 se
1623 766 1754 796 com-

262 839 559 885 mendatum
602 845 794 899 putem.
861 839 1010 896 Quod
1051 846 1226 885 tamen
1261 842 1300 884 si
1331 842 1404 884 ita
1434 845 1530 893 est,
1570 853 1755 900 magno

263 942 416 988 opere
443 942 471 971 a
495 933 548 972 te
575 942 780 988 quaeso,
800 933 857 972 ut
882 927 946 973 ad
973 943 1083 972 eam
1111 926 1443 980 voluntatem,
1462 928 1502 971 si
1527 941 1679 987 quam
1703 926 1753 969 in

263 1013 401 1059 illum
424 1021 542 1059 ante
564 1012 652 1059 has
672 1030 810 1059 meas
827 1013 1022 1059 litteras
1041 1013 1315 1069 contulisti,
1334 1029 1486 1075 quam
1505 1015 1752 1058 maximus

215 1107 239 1147 3
265 1108 442 1162 postea
467 1101 907 1147 commendatione
933 1101 1159 1147 cumulus
1186 1101 1410 1147 accedat.
1469 1099 1556 1145 Sin
1579 1106 1753 1145 autem

264 1195 472 1250 propter
499 1189 852 1234 verecundiam
879 1205 1021 1234 suam
1049 1192 1211 1234 minus
1238 1204 1291 1234 se
1318 1189 1410 1234 tibi
1437 1187 1640 1242 obtulit,
1664 1192 1752 1232 aut

265 1275 488 1321 nondum
524 1293 638 1321 cum
671 1279 792 1322 satis
823 1275 980 1322 habes
1013 1280 1289 1339 cognitum,
1323 1282 1411 1321 aut
1443 1291 1574 1338 quae
1604 1289 1752 1319 causa

266 1370 361 1417 est,
403 1379 490 1409 cur
531 1367 730 1409 maioris
773 1364 1223 1409 commendationis
1265 1363 1510 1425 indigeat,
1552 1364 1621 1407 sic
1661 1361 1752 1407 tibi

265 1466 382 1496 eum
407 1451 723 1506 commendo,
749 1458 806 1497 ut
831 1467 998 1513 neque
1024 1454 1211 1496 maiore
1237 1451 1404 1496 studio
1429 1464 1754 1512 quemquam,

266 1554 432 1600 neque
483 1539 770 1584 iustioribus
823 1538 885 1584 de
938 1542 1096 1583 causis
1148 1537 1502 1583 commendare
1553 1539 1751 1598 possim.

267 1625 571 1687 Faciamque
607 1626 675 1681 id,
713 1626 848 1688 quod
885 1626 1077 1672 debent
1114 1625 1279 1671 facere
1317 1629 1367 1680 ii,
1404 1628 1488 1687 qui
1524 1623 1754 1686 religiose

267 1720 320 1759 et
344 1716 450 1758 sine
471 1714 745 1758 ambitione
772 1714 1145 1759 commendant.
1199 1712 1468 1774 Spondebo
1488 1715 1620 1757 enim
1646 1711 1755 1764 tibi,

267 1799 344 1846 vel
382 1804 548 1861 potius
585 1801 809 1862 spondeo
846 1804 895 1846 in
932 1817 1116 1862 meque
1154 1804 1356 1862 recipio,
1394 1816 1477 1846 eos
1515 1815 1624 1844 esse
1663 1797 1752 1842 Μ’.

267 1886 400 1933 Curii
447 1905 610 1933 moi-cs
656 1904 871 1950 eamque
916 1905 1029 1933 cum
1075 1889 1401 1949 probitatem,
1445 1894 1555 1933 tum
1601 1889 1754 1931 etiam

268 1974 657 2030 humanitatem,
677 1983 733 2022 ut
754 1992 868 2021 eum
890 1983 942 2021 et
963 1979 1179 2021 amicitia
1200 1983 1306 2030 tua,
1327 1982 1379 2021 et
1398 1981 1501 2020 tam
1523 1979 1755 2019 accurata

266 2063 725 2118 commendatione,
777 2066 816 2108 si
870 2064 961 2109 tibi
1013 2066 1078 2109 sit
1130 2066 1378 2125 cognitus,
1431 2062 1639 2124 dignum
1691 2063 1754 2105 sis

269 2153 662 2196 existimaturus.
737 2149 864 2195 Mihi
912 2158 1050 2196 certe
1097 2154 1437 2213 gratissimum
1485 2148 1680 2203 feceris,
1715 2150 1753 2192 si

267 2237 583 2292 intellexero,
627 2237 715 2283 has
752 2238 946 2283 litteras
991 2245 1210 2292 tantum,
1254 2244 1500 2299 quantum
1536 2235 1754 2282 scribens

268 2325 602 2380 confidebam,
628 2325 761 2388 apud
786 2332 839 2371 te
863 2326 1058 2388 pondus
1082 2325 1332 2372 habuisse.

275 2588 339 2635 60
