1837 3029
841 183 1091 232 CICERO

223 333 323 362 non
348 320 644 378 oportuerat
666 329 678 368 ;
722 316 946 375 conquiri
974 329 1108 369 vero,
1135 320 1189 360 et
1216 312 1326 359 elici
1352 313 1608 362 blanditiis
1635 316 1713 378 (ut

223 404 280 444 tu
329 395 521 457 scribis)
572 395 635 441 ad
684 394 941 448 indicium,
990 409 1196 439 necesse
1247 411 1346 440 non
1396 393 1528 451 fuit3
1596 411 1713 442 eum

222 479 520 541 praesertim
554 474 829 529 hominem,
864 490 1016 536 quern
1053 490 1148 537 ego
1185 481 1238 521 et
1275 490 1337 520 ex
1373 478 1472 521 suis
1508 477 1714 532 civibus,

225 565 279 605 et
325 574 387 604 ex
434 555 605 602 multis
651 554 758 601 aliis
805 555 1032 617 quotidie
1078 558 1238 618 magis
1284 572 1530 619 cognosco
1576 557 1715 603 nobi-

175 647 200 685 6
222 639 397 684 liorem
429 653 538 683 esse
568 652 744 698 prope,
775 651 927 698 quam
959 638 1218 682 civitatem
1249 652 1408 682 suam.
1476 638 1549 684 At
1580 640 1713 683 enirn

226 720 430 764 Graecis
455 716 570 763 solis
595 715 848 779 indulgeo.
918 715 1053 774 Quid
1076 716 1094 761 ?
1163 715 1220 762 L.
1249 716 1521 763 Caecilium
1547 733 1714 764 nonne

223 802 357 845 omni
397 800 593 843 ratione
632 795 866 859 placavi?
925 812 1076 859 quem
1118 795 1407 843 hominem!
1468 814 1567 860 qua
1607 797 1713 845 ira!

223 896 323 943 quo
369 877 579 940 spiritu!
647 876 813 935 Quem
860 876 1099 940 denique,
1145 884 1349 939 praeter
1394 877 1714 933 Tuscenium,

223 964 362 1007 cuius
392 975 542 1005 causa
572 961 736 1003 sanari
767 974 867 1003 non
897 964 1086 1019 potest,
1116 974 1216 1003 non
1247 959 1516 1021 mitigavi?
1583 958 1714 1005 Ecce
1748 992 1750 995 -

223 1057 374 1103 supra
421 1046 576 1101 caput
626 1037 775 1084 homo
825 1037 946 1084 levis
998 1054 1054 1084 ac
1105 1038 1350 1094 sordidus,
1401 1039 1490 1086 sed
1541 1046 1714 1086 tamen

225 1124 447 1184 equestri
478 1135 649 1169 censu.
680 1118 956 1174 Catienus3
1006 1122 1160 1164 etiarn
1192 1122 1230 1165 is
1261 1118 1494 1166 lenietur.
1563 1119 1715 1166 Cuius

225 1209 281 1250 tu
313 1205 363 1247 in
394 1208 593 1263 patrem
625 1199 760 1262 quod
792 1198 930 1245 suisti
963 1202 1201 1261 asperior,
1232 1216 1331 1246 non
1364 1199 1714 1262 reprehend03

224 1289 363 1329 certo
386 1284 518 1328 enini
541 1283 659 1335 scio,
681 1286 733 1326 te
756 1278 933 1326 fecisse
955 1296 1068 1325 cum
1091 1296 1256 1326 causa.
1325 1279 1425 1327 Sed
1448 1281 1567 1343 quid
1591 1298 1714 1344 opus

225 1363 322 1410 fuit
353 1361 597 1408 eiusmodi
626 1360 827 1415 litteris,
859 1377 983 1423 quas
1016 1360 1080 1406 ad
1111 1363 1274 1422 ipsum
1307 1362 1525 1408 misisti?
1577 1361 1713 1408 illum

223 1459 423 1491 crucem
453 1443 547 1489 sibi
577 1445 740 1504 ipsum
773 1444 1101 1496 constituere,
1127 1457 1189 1487 ex
1222 1457 1323 1504 qua
1351 1448 1409 1487 tu
1446 1458 1562 1488 eum
1596 1449 1716 1489 ante

224 1526 556 1578 detraxisse83
581 1529 633 1568 te
654 1528 964 1577 curaturum,
979 1525 1029 1567 in
1054 1520 1222 1567 furnol
1243 1529 1300 1568 ut
1319 1523 1714 1576 combureretur,

225 1604 501 1668 plaudente
531 1610 639 1649 tota
665 1605 933 1664 provincia.
1002 1601 1136 1660 Quid
1164 1619 1282 1648 vero
1310 1603 1373 1649 ad
1401 1602 1455 1649 C.
1488 1603 1716 1658 Fabium,

227 1689 393 1732 nescio
447 1700 597 1747 quem
623 1684 641 1729 ?
715 1683 852 1746 (nam
909 1699 1022 1729 earn
1077 1699 1279 1745 quoque
1335 1683 1603 1746 epistulam
1657 1683 1714 1731 T.

227 1766 466 1812 Catienus
515 1763 911 1827 circumgestat).
979 1763 1277 1810 Renuntiari
1326 1765 1418 1810 tibi
1470 1763 1714 1810 Licinium

226 1846 523 1909 plagiarium
558 1861 671 1890 cum
708 1860 797 1890 suo
832 1843 968 1905 pullo
1003 1843 1205 1890 milvino
1241 1845 1433 1891 tributa
1469 1845 1715 1908 exigere?

229 1927 427 1973 Deinde
459 1941 605 1989 rogas
640 1926 868 1979 Fabium,
900 1931 959 1970 ut
991 1931 1045 1970 et
1075 1931 1273 1986 patrem
1308 1931 1361 1972 et
1393 1924 1549 1971 filium
1582 1928 1716 1972 vivos

225 2008 505 2060 comburat,
545 2009 583 2052 si
624 2008 816 2067 possit3
874 2008 949 2051 sin
988 2008 1171 2060 minuS,
1212 2005 1275 2051 ad
1316 2012 1369 2052 te
1409 2009 1602 2061 mittat,
1641 2009 1716 2053 uti

226 2089 407 2134 iudicio
432 2087 806 2132 comburantur.
876 2085 988 2131 Hae
1014 2085 1216 2132 litterae
1244 2086 1331 2132 abs
1358 2092 1411 2132 te
1436 2102 1527 2149 per
1552 2090 1715 2133 iocum

224 2171 405 2215 missae
423 2167 486 2214 ad
502 2166 556 2213 C.
576 2167 805 2220 Fabium,
820 2169 859 2212 si
875 2166 1024 2213 modo
1040 2173 1157 2212 sunt
1178 2173 1314 2222 tuae,
1329 2183 1442 2212 curn
1461 2166 1715 2229 leguntur,

342 2285 356 2309 ¹
386 2286 510 2325 fumo
534 2285 665 2325 libri:
705 2285 835 2324 furno
866 2285 1082 2324 Urs-Inna:
1124 2286 1165 2324 in
1189 2285 1318 2323 furno
1349 2285 1606 2336 ll'esenhery.

289 2465 306 2489 ⁶
337 2466 529 2558 (Bluinlus
545 2465 628 2503 irad
646 2464 891 2516 previously
904 2465 1101 2516 forgiven
1116 2463 1322 2504 Catienus
1336 2464 1403 2504 for
1415 2477 1535 2504 some
1549 2465 1716 2506 offence-

230 2533 279 2559 or
299 2524 341 2559 ot
379 2533 437 2560 er.

235 2590 329 2631 444
