1868 3040
871 185 1124 234 CICERO

768 512 943 544 CICERO
978 511 1151 542 SERVIO
1185 511 1224 543 S·

769 623 953 670 Romae,
975 637 1106 664 A.U.C.
1131 625 1227 663 708.

202 748 220 788 l
313 741 426 788 Non
469 741 761 795 concedam,
805 747 863 786 ut
906 740 1079 786 Attico
1122 746 1310 794 nostro,
1353 755 1503 801 quem
1549 737 1737 783 elatum

249 829 445 876 laetitia
477 830 593 883 vidi,
624 829 940 874 iucundiores
972 834 1092 874 tuae
1123 830 1413 873 suavissime
1446 827 1510 872 ad
1540 842 1654 871 eum
1684 831 1738 870 et

248 916 606 963 humanissime
651 920 867 978 scriptae
910 915 1114 962 litterae
1157 914 1364 970 fuerint,
1406 930 1559 976 quam
1599 911 1737 958 mihi.

250 1004 379 1051 Nam
406 1009 499 1051 etsi
527 1008 728 1066 utrique
755 1011 980 1050 nostrum
1005 1019 1162 1065 prope
1189 1018 1351 1065 aeque
1375 1009 1553 1065 gratae
1576 1007 1739 1055 erant,

248 1099 422 1139 tamen
456 1110 550 1155 ego
583 1093 868 1138 admirabar
898 1095 1058 1154 magis
1090 1097 1161 1146 te,
1193 1094 1297 1153 qui,
1326 1093 1365 1136 si
1397 1097 1621 1153 rogatus,
1650 1095 1737 1134 aut

248 1188 386 1227 certe
447 1182 753 1236 admonitus,
807 1179 1083 1226 liberaliter
1136 1179 1310 1226 Attico
1375 1175 1737 1240 respondisses1

248 1269 406 1332 (quod
436 1275 608 1315 tamen
639 1269 848 1314 dubium
877 1268 1038 1323 nobis,
1066 1270 1187 1329 quin
1214 1270 1287 1313 ita
1314 1265 1542 1312 futurum
1568 1264 1739 1319 fuerit,

250 1372 348 1402 non
375 1357 522 1420 erat),
547 1356 677 1402 ultro
703 1356 766 1403 ad
791 1371 907 1402 eum
930 1358 1373 1417 scripsisse‚'eique
1397 1370 1490 1400 nec
1513 1354 1739 1416 opinanti

250 1444 565 1499 voluntatem
595 1451 736 1490 tuam
767 1450 966 1490 tantam
995 1460 1086 1505 per
1114 1443 1309 1489 litteras
1339 1442 1595 1488 detulisse.
1659 1440 1739 1486 De

250 1549 349 1595 quo
372 1549 469 1577 non
491 1532 641 1578 niodo
662 1548 840 1594 rogare
862 1538 933 1587 te,
954 1538 1013 1577 ut
1033 1547 1092 1577 eo
1113 1531 1383 1577 studiosius
1403 1547 1519 1576 mea
1537 1544 1739 1592 quoque

249 1637 400 1666 causa
432 1619 602 1675 facias,
634 1637 734 1665 non
766 1620 930 1666 debeo
962 1618 1103 1682 (nihil
1137 1622 1269 1665 enim
1302 1618 1603 1664 cumulatius
1635 1617 1739 1662 fieri

249 1716 437 1770 potest,
460 1725 611 1771 quam
632 1707 918 1770 polliceris),
938 1707 1027 1753 sed
1050 1723 1112 1753 ne
1133 1710 1322 1769 gratias
1344 1706 1549 1769 quidem
1572 1721 1741 1768 agere,

200 1803 225 1841 2
251 1797 386 1858 quod
414 1803 471 1842 tu
502 1804 554 1842 et
583 1799 735 1858 ipsius
764 1812 915 1841 causa
945 1802 997 1841 et
1026 1802 1115 1841 tua
1144 1802 1325 1856 sponte
1354 1793 1554 1840 feceris.v
1611 1792 1742 1839 Illud

251 1892 424 1930 tamen
448 1884 629 1940 dicam,
652 1883 773 1929 mihi
797 1884 864 1938 id,
889 1883 1023 1945 quod
1047 1882 1228 1937 fecisti,
1252 1899 1360 1928 esse
1383 1885 1740 1945 gratissimum.

250 1972 371 2018 Tale
399 1976 531 2018 enim
559 1980 704 2018 tuum
730 1972 967 2017 iudiciuin
995 1971 1058 2017 de
1084 1970 1287 2017 homine
1315 1987 1392 2024 eo,
1419 1987 1571 2032 quem
1597 1972 1742 2016 unice

251 2060 422 2123 diligo,
456 2077 554 2105 non
589 2067 760 2122 potest
792 2059 913 2105 mihi
947 2076 1046 2105 non
1079 2075 1274 2105 summe
1309 2075 1418 2105 esse
1451 2057 1739 2104 iucundum.

253 2148 402 2206 Quod
443 2165 556 2194 eum
598 2152 669 2194 ita
711 2151 791 2202 sit,
830 2164 939 2193 esse
979 2154 1183 2210 gratum
1225 2163 1431 2193 neeesse
1474 2153 1566 2192 est.
1642 2144 1741 2191 Sed

252 2243 443 2291 tamen,
467 2253 580 2282 cum
604 2235 724 2281 mihi
749 2252 838 2298 pro
862 2238 1213 2281 coniunctione
1238 2242 1409 2281 nostra
1432 2234 1509 2280 vel
1531 2249 1741 2296 peccare

253 2324 387 2384 apud
425 2330 477 2369 te
514 2327 565 2369 in
600 2323 864 2369 scribendo
900 2323 1036 2378 licet,
1074 2329 1345 2384 utrumque
1383 2337 1574 2375 eorum,
1611 2336 1742 2382 quae

314 2450 325 2473 ¹
359 2451 620 2501 Souwthlnq,
645 2464 864 2500 necessary
886 2454 925 2489 lo
952 2450 1155 2501 confflem
1180 2450 1246 2488 the
1271 2453 1477 2495 sentence,
1500 2449 1576 2487 lias
1593 2448 1740 2499 fallen

257 2510 346 2598 οιαὶ)
366 2504 482 2555 aster
518 2504 830 2555 respondisses,
859 2517 960 2555 e.g.,
991 2517 1039 2543 as
1069 2504 1293 2543 Lolemcmn
1327 2507 1534 2554 suyyests,
1563 2506 1740 2554 gratum

259 2572 314 2597 no
352 2560 384 2598 is
404 2560 593 2599 fecisses.

261 2623 322 2669 6⁶2
