1837 3029
859 162 1107 208 CICERO

244 299 272 317 ‘⁴
293 288 448 343 Etsi‚”
475 300 503 318 ·‘
526 290 882 347 rer11n1lamen,'’
900 300 928 318 “
948 290 1003 336 (le
1020 290 1114 336 illis
1135 290 1358 336 '’—nosti
1377 296 1562 337 cetera.
1627 288 1725 336 Sed

244 363 435 411 tamen,
465 360 503 403 si
534 375 682 419 quein
717 375 828 403 cum
862 374 921 404 eo
951 374 1231 403 sermonem
1263 356 1514 412 habueris,
1543 357 1726 403 scribes

245 424 307 470 ad
341 440 440 479 me,
474 431 529 470 ut
568 425 683 469 mihi
723 432 955 470 nascatur
989 424 1233 486 epistulae
1269 431 1642 481 argumentum,
1675 429 1727 468 et

247 498 299 536 ut
338 498 450 537 tuas
488 509 636 552 quznn
675 491 984 551 longissimas
1016 492 1208 538 litteras
1240 491 1419 550 legant.
1484 490 1632 544 Cura,
1660 492 1724 534 mi

243 557 374 612 Tiro,
401 565 457 604 ut
484 558 665 604 valcas.
736 558 844 605 Hoc
868 558 987 605 mihi
1013 562 1204 622 gratius
1228 557 1394 605 facere
1420 556 1541 604 nihil
1563 564 1724 620 potes.

243 623 381 671 Vale.

897 806 1073 852 XXIII

597 955 800 987 TULLIUS
835 957 872 986 S.
912 956 953 986 P.
993 957 1038 986 l).
1074 956 1248 986 TIRONI
1282 955 1372 987 SUO

755 1048 947 1096 Tusculi,
968 1063 1100 1090 A.L=·.c.
1124 1052 1219 1089 710.

197 1150 216 1190 1
307 1143 382 1190 Tu
412 1162 528 1191 vero
556 1144 743 1191 confice
772 1143 1151 1206 professionem,
1179 1147 1217 1189 si
1245 1150 1407 1205 potes.
1469 1143 1578 1189 Etsi
1605 1140 1729 1187 haec

247 1215 455 1271 pecunia
487 1229 548 1257 ex
581 1228 639 1257 eo
668 1228 855 1275 genere
887 1219 981 1266 est,
1011 1218 1067 1257 ut
1095 1209 1402 1272 professione
1433 1227 1530 1256 non
1561 1215 1727 1272 egeat.

247 1278 429 1324 Verum
466 1286 639 1325 tamen
677 1315 686 1324 .
727 1315 735 1324 .
776 1315 785 1324 .
823 1278 1006 1324 Balbus
1041 1279 1104 1324 ad
1138 1294 1218 1324 me
1253 1281 1465 1339 scripsit,
1498 1284 1644 1322 tanta
1675 1292 1728 1321 se

246 1344 448 1407 e'mqbopgi
486 1362 798 1407 oppressum,
836 1353 892 1391 ut
929 1345 1062 1407 loqui
1101 1362 1200 1391 non
1236 1348 1408 1406 possit.
1479 1345 1729 1389 Antonius

245 1413 307 1457 (le.
334 1412 447 1475 lege
475 1412 502 1428 ‘⁴
527 1413 662 1475 quod
689 1411 904 1475 egerit.’'
964 1412 1139 1458 Liceat
1164 1412 1313 1458 modo
1338 1413 1580 1457 rusticari.
1648 1409 1729 1455 Ad

195 1486 220 1524 2
247 1478 565 1542 Bithynicum
588 1482 774 1541 scripsi.
831 1479 910 1525 De
931 1478 1137 1524 Servilio
1158 1485 1214 1525 tu
1237 1479 1434 1533 videris,
1455 1480 1539 1540 qui
1560 1492 1730 1523 senec-

244 1553 409 1592 tutem
432 1564 529 1592 non
546 1549 842 1592 contemnis.
895 1547 1005 1592 Etsi
1021 1546 1223 1592 Atticus
1240 1552 1427 1601 noster,
1441 1547 1559 1608 quia
1575 1560 1730 1606 quon-

247 1614 362 1659 dam
392 1630 473 1659 me
501 1617 803 1659 commoveri
831 1616 1045 1660 πανικοῐς
1072 1612 1342 1667 intellexit,
1368 1613 1502 1659 idem
1531 1627 1730 1674 semper

245 1687 412 1742 putat,
432 1697 523 1727 nec
544 1682 699 1735 videt,
718 1681 899 1743 quibus
917 1679 1174 1742 praesidiis
1195 1678 1538 1742 philosophiae
1556 1684 1729 1740 septus

246 1750 374 1802 sim3
426 1755 479 1793 ct
511 1746 696 1802 hercle,
729 1748 863 1810 quod
896 1748 1102 1793 timidus
1134 1750 1240 1809 ipse
1274 1753 1370 1800 est,
1405 1744 1726 1805 θορι-βοποιεῑ.

245 1814 355 1876 Ego
382 1821 555 1859 tamen
583 1816 773 1860 Antoni
800 1818 1135 1860 inveteratam
1164 1817 1269 1859 sine
1298 1812 1433 1859 nulla
1458 1811 1730 1858 offensione

245 1884 514 1926 amicitiam
536 1885 756 1927 retinere
778 1897 898 1927 sane
922 1881 1047 1936 volo,
1067 1882 1381 1943 scribamque
1404 1880 1466 1927 ad
1488 1896 1621 1934 eum,
1642 1879 1729 1925 sed

306 2004 322 2019 ‘⁷
357 2001 506 2037 sivero
529 2001 561 2038 is
582 1999 803 2050 evidently
826 1999 1037 2049 mocking
1056 2003 1101 2037 at
1124 1997 1409 2038 Demetrius's
1427 2002 1612 2037 scm-cato
1633 2010 1729 2047 way

247 2053 452 2092 oftalkin
491 2083 501 2093 .

310 2106 324 2128 ὸ
355 2067 522 2158 Ἰ“γι·ιΞ11
548 2106 700 2146 thinks
729 2107 823 2146 that
849 2107 934 2146 this
962 2121 1048 2146 was
1077 2105 1291 2157 probably
1320 2106 1392 2146 ihc
1420 2105 1505 2144 Lar
1533 2105 1729 2155 ⁴-157raria

247 2161 298 2198 os
313 2160 472 2200 Lucius
487 2161 721 2206 Antonius,
736 2161 892 2212 passed
910 2163 951 2200 in
969 2161 1086 2200 June
1101 2161 1150 2199 of
1163 2160 1246 2199 this
1260 2173 1378 2210 year.
1420 2159 1512 2199 The
1524 2157 1728 2210 elliptical

250 2213 406 2264 phrase
421 2215 535 2266 quod
555 2216 686 2264 efferi!
707 2216 785 2263 (sc.
806 2216 851 2254 id
870 2220 1013 2254 actum
1033 2214 1202 2262 habebo)
1219 2232 1250 2246 z
1267 2215 1291 2229 ⁸⁸
1313 2213 1530 2253 whatever
1550 2213 1602 2252 he
1623 2211 1728 2252 does

252 2267 266 2306 Ι
292 2267 402 2307 shall
425 2268 580 2319 regard
603 2283 651 2308 as
673 2268 834 2315 done‚''
859 2269 923 2308 i.e.
948 2270 973 2284 ⁸⁶
994 2270 1062 2307 sor
1082 2268 1140 2308 all
1165 2268 1180 2307 l
1205 2281 1319 2315 care,
1342 2267 1398 2307 let
1421 2267 1511 2307 him
1533 2266 1590 2307 do
1613 2266 1727 2306 what

249 2321 301 2361 he
323 2321 479 2362 likes.'’
529 2322 621 2362 The
644 2323 801 2373 phrase
821 2322 914 2362 also
935 2335 1086 2362 occurs
1109 2324 1151 2361 in
1174 2321 1247 2362 the
1269 2327 1371 2362 next
1391 2321 1527 2362 letter.

311 2381 324 2399 ⁶
355 2375 448 2415 The
470 2378 612 2416 writer
632 2377 682 2416 of
699 2378 754 2416 vi.
783 2379 846 2423 16,
868 2376 1010 2416 where
1031 2390 1101 2416 see
1123 2380 1237 2416 note.

307 2427 325 2451 ‘¹
357 2429 565 2470 Servilius
582 2430 816 2477 Isauricus,
831 2430 929 2469 who
944 2429 1029 2469 had
1040 2429 1132 2480 just
1145 2429 1245 2469 died
1260 2433 1305 2468 at
1318 2442 1375 2468 an
1389 2426 1616 2468 advanced
1629 2440 1725 2479 age.

305 2487 319 2505 ⁶
353 2484 434 2529 i.e.‚
459 2483 554 2523 that
578 2484 593 2523 I
618 2498 689 2524 am
711 2483 854 2524 afraid
876 2485 926 2524 of
941 2483 1088 2524 death.

260 2551 354 2595 372
