1837 3029
849 178 1098 225 CICERO

233 313 455 372 accipi03
538 312 638 356 scio
681 311 833 363 enim,
877 326 1026 370 quam
1072 308 1232 354 soleas
1276 325 1385 355 esse
1427 317 1715 372 occupatus.

233 392 425 437 Emisse
449 398 501 436 tc
526 391 787 452 praedium
813 388 1142 435 vehementer
1164 390 1380 451 gaudeo,
1404 388 1718 454 feliciterque

232 473 322 518 tibi
369 489 473 517 rcm
518 474 665 516 istam
713 473 913 515 evenire
957 473 1118 531 cupio.
1199 470 1306 515 Hoc
1350 469 1457 517 loco
1501 487 1582 518 me
1626 473 1718 518 tibi

231 551 491 615 gratulari,
533 550 632 596 noli
674 553 857 596 mirari.
933 549 1127 597 Eodem
1171 553 1304 596 enim
1347 550 1453 597 fere
1495 550 1620 607 loco,
1661 559 1718 599 tu

233 649 452 695 quoquc,
493 635 672 677 emisse
712 638 784 686 te,
824 629 988 676 fecisti
1027 646 1109 676 me
1149 634 1431 677 certiorem.
1507 632 1718 679 Habes}

235 712 583 774 Deponcndae
629 712 720 757 tibi
768 718 886 757 sunt
932 711 1262 757 urbanitates.
1344 711 1577 758 Rusticus
1624 713 1719 758 Ro-

233 809 409 839 manus
453 791 616 838 factus
662 807 730 837 es.
809 791 1074 850 Quomodo
1120 807 1214 855 ego
1258 791 1379 837 mihi
1424 809 1555 839 nunc
1599 801 1718 840 ante

232 873 398 920 oculos
442 879 587 919 tuum
632 872 1045 919 iucundissimum
1091 879 1418 934 conspectum
1460 875 1715 936 propono!

233 955 418 1000 Videor
456 956 589 999 enim
628 953 798 999 videre
837 959 1094 998 ementem
1134 960 1186 998 te
1224 956 1434 1000 rusticas
1471 970 1569 1010 res,
1604 972 1719 1002 cum

234 1035 393 1081 villico
437 1034 748 1097 loquentem,
791 1037 842 1079 in
885 1032 1065 1079 lacinia
1107 1041 1395 1080 servantem
1439 1050 1502 1080 ex
1545 1052 1720 1082 mensa

233 1116 453 1162 secunda
475 1117 682 1161 semina.
741 1113 840 1160 Sed
864 1114 998 1176 quod
1023 1114 1086 1160 ad
1109 1130 1216 1160 rem
1238 1117 1481 1176 pertinet,
1504 1131 1586 1162 me
1609 1123 1719 1163 tum

233 1198 324 1242 tibi
352 1194 589 1249 defuisse,
618 1211 779 1258 aeque
808 1211 864 1241 ac
891 1202 947 1240 tu
975 1193 1136 1241 doleo.
1216 1193 1316 1241 Sed
1343 1195 1442 1241 noli
1470 1196 1720 1254 dubitare,

233 1281 300 1323 mi
332 1277 464 1332 Tiro,
497 1279 618 1339 quin
651 1283 703 1322 te
737 1275 1088 1322 sublevaturus
1121 1278 1231 1331 sim,
1264 1279 1302 1322 si
1336 1277 1485 1323 modo
1518 1276 1721 1324 fortuna

233 1374 314 1404 me
339 1374 349 1412 ;
396 1360 693 1419 praesertim
722 1373 836 1402 cum
865 1359 1035 1411 sciam,
1063 1372 1382 1402 communem
1412 1358 1553 1403 nobis
1583 1374 1721 1421 emp-

233 1447 342 1485 tum
385 1454 493 1484 esse
535 1440 689 1484 istum
731 1436 960 1483 fundum.
1037 1437 1117 1482 De
1159 1438 1411 1484 mandatis
1453 1439 1589 1501 quod
1628 1441 1720 1486 tibi

234 1535 382 1565 curae
407 1517 521 1574 fuit,
547 1525 623 1564 est
648 1517 768 1563 mihi
793 1524 1011 1580 gratum.
1070 1516 1170 1564 Sed
1194 1524 1315 1580 peto
1340 1534 1369 1563 a
1392 1525 1464 1574 te,
1489 1526 1546 1565 ut
1569 1536 1721 1582 quam

239 1599 497 1645 celerrime
539 1597 659 1644 mihi
700 1597 928 1644 librarius
968 1601 1221 1653 mittatur,
1257 1601 1476 1645 maxime
1517 1601 1720 1663 quidem

237 1681 493 1735 Graecus3
541 1678 757 1725 multum
788 1678 909 1724 mihi
940 1682 1072 1724 enim
1105 1682 1314 1741 eripitur
1343 1696 1527 1742 operae
1557 1684 1608 1727 in
1638 1698 1722 1728 ex-

235 1761 508 1806 scribendis
533 1759 956 1822 hypomnematis.
1015 1759 1091 1805 Tu
1117 1759 1266 1805 velim
1291 1763 1341 1806 in
1366 1764 1538 1822 primis
1562 1777 1722 1819 cures,

238 1849 293 1888 ut
319 1841 501 1895 valeaS,
527 1848 582 1886 ut
608 1857 705 1886 una
730 1841 1121 1903 συμφιλωλογεῖν
1146 1844 1408 1902 possimus.
1469 1843 1722 1890 Anterum

234 1923 324 1968 tibi
351 1921 664 1968 commendo.
734 1920 872 1967 Vale.

296 2050 310 2072 ¹
342 2063 432 2089 rem
463 2049 598 2089 habes
627 2048 742 2088 Reid
770 2049 1030 2100 (suppos-inq
1060 2062 1150 2089 rem
1181 2053 1222 2089 to
1251 2049 1356 2089 have
1379 2049 1476 2090 been
1502 2051 1582 2090 lost
1605 2053 1721 2104 aster

236 2104 507 2154 ce1·ti‹›i·‹⁴in):
539 2103 674 2143 babes
695 2103 983 2154 ‹lcponendae
1005 2103 1079 2143 ubi
1101 2106 1187 2143 sint
1211 2104 1431 2145 Graecias.

297 2276 314 2294 ‘³
350 2270 431 2309 For
451 2270 536 2310 this
556 2269 755 2309 absolute
776 2282 852 2309 use
873 2271 923 2308 of
937 2270 1086 2309 habere
1107 2270 1162 2310 cf.
1188 2271 1281 2310 Act.
1305 2272 1375 2311 xii.
1401 2272 1470 2311 93.
1496 2273 1523 2311 3
1545 2276 1571 2293 “
1586 2270 1718 2314 habet

241 2327 283 2363 in
307 2323 499 2364 Ostiensi
523 2324 698 2364 Cotta.''
764 2324 849 2364 But
871 2338 940 2363 see
963 2329 1062 2364 note
1085 2338 1141 2364 on
1163 2324 1235 2364 the
1257 2329 1360 2366 text.

239 2573 331 2619 363
