1837 3029
200 800 218 840 l

197 1615 220 1651 t:

864 179 1113 227 CICERO

935 348 979 395 V

385 493 589 526 TULLIUS
625 495 686 525 ΕΤ
720 495 893 524 culmo
931 494 990 524 ET
1025 494 1066 529 Q.
1104 494 1146 529 Q.
1183 494 1220 523 S.
1259 494 1301 523 P.
1339 492 1386 523 D.
1421 490 1594 522 TIRONI

736 561 1000 592 HUMANISS.
1040 561 1099 590 ΕΤ
1133 560 1240 590 ΟΡΤ.

746 678 963 724 Leucade,
985 692 1116 719 A.u.c.
1139 681 1235 718 704.

310 794 454 849 Vide,
474 802 663 858 quanta
684 798 815 841 sitin
836 803 887 841 te
908 798 1142 840 suavitas.
1198 794 1337 839 Duas
1358 793 1501 839 horas
1519 791 1726 855 Thyrrei

247 884 446 931 fuimus.
510 886 831 932 Xenomenes
866 885 1045 947 hospes
1079 892 1182 931 tam
1215 891 1267 930 te
1299 883 1479 947 diligit,
1509 900 1658 945 quam
1690 885 1726 927 si

248 978 426 1021 vixerit
471 983 655 1021 tecum.
734 975 782 1021 Is
825 979 993 1022 omnia
1035 974 1282 1036 pollicitus
1327 981 1421 1024 est,
1465 990 1594 1035 quae
1638 973 1726 1018 tibi

248 1073 415 1111 esseut
462 1083 601 1128 opus.
684 1066 953 1112 Facturum
999 1072 1138 1127 puto.
1222 1063 1348 1110 Mihi
1395 1063 1645 1126 placebat,
1691 1065 1728 1107 si

248 1155 432 1201 firmior
465 1172 616 1211 esses‚
647 1163 702 1202 ut
735 1163 788 1202 te
828 1156 1115 1202 Leucadem
1152 1156 1464 1217 deportaret,
1495 1161 1550 1200 ut
1580 1154 1645 1198 ibi
1676 1160 1728 1199 te

246 1245 394 1308 plane
417 1247 751 1293 confirmares.
807 1246 1030 1301 Videbis,
1052 1247 1172 1308 quid
1196 1246 1361 1301 Curio,
1383 1245 1504 1308 quid
1528 1244 1729 1307 Lysoni,

246 1337 366 1398 quid
412 1338 607 1384 medico
652 1337 865 1399 placeat.
945 1336 1187 1383 Volebam
1236 1336 1299 1382 ad
1344 1342 1397 1382 te
1446 1335 1725 1381 Marionem

245 1430 507 1474 remittere
532 1443 542 1473 :
589 1444 760 1490 quem,
789 1444 901 1473 cum
932 1425 1221 1473 meliuscule
1252 1427 1343 1472 tibi
1375 1433 1526 1480 esset,
1555 1425 1619 1471 ad
1648 1442 1727 1471 me

246 1520 477 1564 mitteres
501 1532 512 1572 ;
545 1519 635 1565 sed
650 1521 884 1581 cogitavi,
901 1534 1024 1563 unas
1040 1516 1235 1563 litteras
1255 1516 1537 1562 Marionem
1554 1514 1729 1562 afferre

245 1624 408 1669 posse,
435 1624 515 1654 me
543 1615 716 1655 autem
742 1609 941 1654 crebras
968 1615 1280 1670 exspectare.
1342 1606 1535 1653 Poteris
1561 1609 1730 1669 igitur,

246 1705 299 1743 et
337 1696 508 1753 facies,
545 1701 585 1744 si
624 1715 705 1744 me
744 1697 925 1762 diligis,
964 1705 1022 1744 ut
1060 1698 1286 1760 quotidie
1324 1700 1389 1743 sit
1427 1698 1642 1743 Acastus
1680 1700 1728 1742 in

245 1795 409 1850 portu.
469 1788 622 1835 Multi
645 1796 811 1843 erunt,
833 1789 1014 1851 quibus
1037 1795 1174 1834 recte
1196 1787 1392 1834 litteras
1415 1788 1534 1834 dare
1557 1790 1730 1849 possis,

246 1881 330 1940 qui
352 1879 414 1924 ad
442 1895 522 1924 me
549 1878 767 1925 libenter
792 1878 1067 1941 perferant.
1129 1878 1378 1940 Equidem
1408 1877 1583 1924 Patras
1611 1895 1730 1924 eun-

246 1975 351 2014 tem
375 1972 629 2015 neminem
653 1972 1076 2031 praetermittam.
1134 1969 1242 2032 Ego
1266 1985 1467 2014 omnem
1491 1985 1631 2030 spem
1656 1972 1728 2015 tui

244 2058 516 2122 diligenter
544 2061 749 2107 curandi
780 2063 831 2105 in
862 2059 1011 2105 Curio
1041 2059 1219 2105 habeo.
1287 2058 1419 2104 Nihil
1448 2066 1620 2120 potest
1648 2059 1730 2106 illo

246 2149 351 2194 fieri
386 2149 669 2205 humanius,
704 2150 823 2196 nihil
859 2153 1013 2196 nostri
1049 2153 1315 2196 amantius.
1384 2149 1442 2194 Ei
1478 2157 1529 2196 te
1565 2157 1728 2196 totum

246 2241 408 2287 trade.
477 2241 614 2287 Malo
647 2249 698 2288 te
729 2241 896 2304 paullo
927 2249 1041 2304 post
1073 2241 1343 2295 valentem,
1375 2258 1525 2303 quam
1557 2245 1728 2288 statim

247 2332 548 2378 imbecillum
578 2334 761 2379 videre.
821 2333 952 2378 Cura
976 2336 1129 2395 igitur
1154 2331 1272 2377 nihil
1299 2331 1451 2387 aliud,
1477 2334 1568 2378 nisi
1594 2339 1650 2378 ut
1673 2340 1728 2379 tu

333 2527 351 2545 ⁰
385 2522 433 2561 In
460 2524 724 2569 Acarnania,
746 2537 772 2562 a
795 2522 901 2562 little
922 2523 1050 2562 south
1073 2524 1124 2561 of
1140 2522 1212 2562 tho
1238 2522 1502 2561 Ambracian
1527 2521 1648 2563 Gulf.

257 2585 350 2633 326
