1837 3029
839 191 1091 239 CICERO

217 325 271 366 et
310 320 646 377 observantia,
686 337 872 383 meque
913 328 1116 383 praeter
1156 328 1351 368 ceteros
1394 327 1448 368 et
1487 320 1607 368 colit
1647 327 1701 368 et

215 408 449 455 observat
469 415 521 455 et
539 408 718 472 diligit.
772 409 900 454 Eum
921 416 977 455 tu
997 425 1095 454 non
1115 409 1263 455 modo
1281 425 1483 455 suorum
1501 412 1700 464 civium,

164 504 189 543 2
214 512 386 542 verum
426 512 589 558 paene
630 495 852 542 Achaiae
893 500 1169 558 principem
1209 512 1494 560 cognosces.
1569 496 1699 543 Huic

215 599 310 646 ego
368 584 722 630 tantummodo
781 584 975 630 aditum
1036 584 1099 631 ad
1158 591 1301 631 tuam
1359 587 1698 648 cognitionem

213 670 464 733 patefacio
500 678 553 717 et
587 674 792 726 munio;
844 675 1103 734 cognitum
1138 687 1229 734 per
1262 678 1316 718 te
1350 675 1532 734 ipsum,
1567 688 1698 734 quae

214 766 301 804 tua
335 766 515 805 natura
549 765 643 814 est,
676 759 885 822 dignum
919 767 1007 806 tua
1041 762 1261 806 amicitia
1294 767 1449 822 atque
1481 757 1698 822 hospitio

212 846 469 893 iudicabis.
545 845 672 893 Peto
711 851 866 910 igitur
906 864 936 893 a
975 854 1046 902 te,
1088 854 1162 902 ut,
1203 846 1277 893 his
1318 847 1498 894 litteris
1537 846 1698 902 lectis,

213 937 422 996 recipias
473 950 589 980 eum
631 937 682 980 in
726 941 867 981 tuam
912 934 1082 990 fldem,
1125 934 1391 997 polliceare
1434 937 1603 981 omnia
1643 941 1697 981 te

211 1020 463 1068 facturum
485 1038 599 1068 mea
620 1038 785 1068 causa.
843 1022 922 1068 De
945 1022 1154 1085 reliquo,
1176 1026 1233 1078 si,
1255 1023 1307 1069 id
1328 1022 1464 1085 quod
1485 1022 1698 1078 confido,

212 1108 317 1155 fore
338 1110 546 1173 dignum
568 1126 684 1156 eum
704 1117 794 1157 tua
813 1113 1032 1157 amicitia
1051 1109 1370 1173 hospitioque
1389 1113 1698 1173 cognoveri&

212 1204 350 1260 peto,
390 1205 446 1244 ut
485 1214 601 1243 eum
639 1198 994 1259 complectare,
1032 1198 1227 1260 diligas,
1265 1201 1315 1244 in
1355 1201 1454 1244 tuis
1493 1197 1696 1244 habeas,

213 1284 322 1331 Erit
345 1285 396 1332 id
420 1284 540 1331 mihi
564 1289 804 1331 maiorem
829 1289 879 1332 in
902 1286 1108 1332 modum
1131 1292 1349 1349 gratum.
1409 1284 1548 1332 Vale.

848 1548 1067 1595 LXXIX

486 1696 543 1732 Μ.
577 1698 623 1730 Τ.
660 1699 699 1729 C.
739 1698 775 1729 S.
814 1699 857 1730 P.
895 1698 941 1729 D.
977 1698 1184 1729 ALLIENO
1219 1697 1417 1734 PROCOS.

729 1816 913 1864 Romae,
934 1830 959 1856 A
969 1830 1066 1857 .U.c.
1089 1818 1186 1857 708.

274 1933 342 1980 Et
375 1940 429 1980 te
462 1936 587 1980 scire
622 1934 852 1988 arbitror,
887 1937 1063 1996 quanti
1098 1932 1303 1979 fecerim
1339 1932 1392 1980 C.
1429 1933 1698 1979 Avianium

212 2022 461 2077 Flaccum,
489 2029 542 2068 et
570 2038 665 2083 ego
694 2038 755 2067 ex
784 2025 891 2084 ipso
919 2022 1195 2077 audieram,
1222 2025 1413 2083 optimo
1442 2028 1495 2067 et
1519 2025 1698 2084 gratis-

209 2114 334 2156 simo
366 2109 586 2165 homine,
620 2126 771 2172 quam
806 2126 835 2155 a
868 2117 920 2156 te
957 2109 1232 2155 liberaliter
1264 2116 1398 2155 esset
1431 2116 1694 2158 tractatuS.

210 2198 329 2244 Eius
378 2198 518 2253 filios,
560 2198 875 2260 dignissimos
929 2197 1011 2243 illo
1058 2204 1203 2259 patre
1245 2213 1487 2259 meosque
1528 2213 1697 2244 neces-

208 2289 379 2341 sarios,
413 2302 536 2348 quos
571 2301 667 2348 ego
701 2289 845 2331 unice
878 2285 1049 2347 diligo,
1082 2285 1381 2331 commendo
1414 2285 1506 2330 tibi
1539 2288 1607 2331 sic
1640 2292 1696 2332 ut

210 2377 396 2419 maiore
427 2373 594 2419 studio
624 2373 783 2419 nullos
812 2373 1167 2419 commendare
1196 2375 1397 2434 possim.
1461 2371 1516 2419 G.
1547 2373 1694 2420 Avia-

525 2557 543 2578 ⁰
575 2552 657 2592 See
677 2551 794 2604 Epp.
816 2555 870 2591 :35
891 2551 980 2591 and
1003 2555 1056 2592 75
1078 2553 1122 2591 in
1143 2551 1231 2591 this
1253 2549 1387 2591 book.

222 2626 314 2675 176
