1837 3029
845 147 1095 194 CICERO

227 297 289 327 ea
315 296 395 325 me
423 278 645 325 studiose
673 284 921 329 secutum,
951 292 1010 321 ex
1041 277 1221 338 quibus
1250 293 1367 322 vera
1392 276 1550 340 gloria
1576 279 1707 323 nasci

227 367 422 423 posset;
447 362 604 421 ipsam
624 358 825 420 quidem
845 355 1052 419 gloriam
1071 373 1160 418 per
1175 373 1228 403 se
1245 374 1519 420 numquam
1536 361 1709 420 putavi

226 440 583 504 expetendam.
641 438 821 500 Itaque
845 444 897 483 et
919 440 1222 499 provinciam
1243 445 1471 484 ornatam
1496 445 1549 484 et,
1568 455 1709 501 spem

227 540 323 569 non
345 522 549 568 dubiam
571 517 812 579 triumphi
834 517 1050 580 neglexi.
1106 516 1451 564 Sacerdotium
1474 519 1711 582 denique,

224 620 336 649 cuni
390 599 838 663 (quemadmodum
889 605 939 644 te
988 600 1276 644 existimare
1325 599 1558 660 arbitror)
1611 616 1710 645 non

224 682 506 730 difficillime
553 682 790 740 consequi
838 695 1054 740 possem,
1101 696 1199 725 non
1247 682 1485 740 appetivi.
1567 679 1709 725 Idem

226 770 338 826 post
362 763 592 807 iniuriam
619 766 879 821 acceptam
900 758 1072 820 (quam
1100 766 1154 805 tu
1182 759 1485 821 reipublicae
1512 758 1705 805 calami-

224 851 386 891 tatem
411 857 610 903 semper
635 839 874 902 appellas,
893 855 1059 885 meam
1085 856 1184 885 non
1209 840 1358 886 modo
1389 857 1486 886 non
1512 839 1710 886 calami-

224 931 404 977 tatem,
430 922 519 969 sed
549 924 704 967 etiam
733 919 982 983 gloriam),
1013 920 1181 966 studui
1214 936 1365 982 quam
1396 922 1712 966 ornatissima

225 1011 430 1052 senatus
452 1001 724 1065 populique
749 1000 959 1046 Romani
984 1000 1047 1046 de
1070 1017 1150 1047 me
1174 1001 1357 1047 iudicia
1378 1001 1708 1047 intercedere.

227 1085 408 1147 Itaque
463 1090 516 1129 et
568 1098 728 1144 augur
780 1087 958 1142 postea
1011 1080 1115 1126 fieri
1170 1080 1319 1136 volui,
1371 1081 1506 1143 quod
1559 1088 1712 1127 antea

225 1164 568 1228 neglexeram,
606 1169 660 1208 et
698 1177 812 1207 eum
852 1159 1110 1215 honorem,
1149 1164 1234 1223 qui
1273 1177 1301 1206 a
1339 1168 1519 1207 senatu
1558 1161 1710 1207 tribui

225 1247 374 1293 rebus
402 1243 589 1290 bellicis
615 1241 761 1297 solet,
788 1240 1078 1303 neglectum
1106 1257 1135 1287 a
1161 1258 1242 1287 me
1270 1240 1405 1296 olim,
1432 1258 1564 1288 nunc
1590 1240 1709 1288 mihi

151 1334 202 1374 14
226 1325 571 1388 expetendum
616 1329 756 1384 puto.
837 1321 968 1368 Huic
1013 1338 1158 1367 meae
1205 1321 1470 1377 voluntati,
1516 1325 1564 1367 in
1611 1340 1711 1384 qua

225 1411 357 1453 inest
379 1405 545 1466 aliqua
567 1406 637 1449 vis
659 1402 875 1449 desideri
899 1402 962 1448 ad
983 1402 1263 1448 sanandum
1286 1401 1462 1448 vulnus
1484 1405 1711 1458 iniuriae,

226 1494 281 1534 ut
298 1485 468 1532 faveas
485 1484 784 1545 adiutorque
802 1485 884 1537 sis,
900 1482 1035 1544 quod
1051 1481 1218 1544 paullo
1236 1489 1354 1528 ante
1373 1499 1453 1528 me
1472 1499 1710 1545 negaram

226 1574 538 1631 rogaturum,
587 1562 917 1610 vehementer
963 1569 1016 1608 te
1065 1579 1203 1625 rogo,
1251 1563 1340 1609 sed
1388 1566 1477 1618 ita,
1525 1566 1564 1609 si
1612 1580 1710 1611 non

225 1651 447 1695 ieiunum
488 1644 581 1691 hoc
621 1646 787 1690 nescio
827 1643 966 1706 quid,
1006 1643 1142 1706 quod
1182 1659 1277 1706 ego
1316 1645 1466 1707 gessi,
1506 1650 1560 1690 et
1597 1660 1711 1691 con-

226 1726 557 1776 temnendum
602 1724 870 1778 videbitur,
913 1723 1003 1770 sed
1045 1722 1148 1769 tale
1193 1730 1348 1786 atque
1391 1730 1612 1780 tantum,
1654 1731 1712 1772 ut

226 1808 389 1862 multi,
428 1821 748 1868 nequaquam
790 1804 992 1865 paribus
1031 1804 1199 1859 rebuS,
1239 1802 1451 1850 honores
1492 1821 1711 1851 summos

226 1907 255 1936 a
285 1894 466 1934 senatu
498 1887 752 1932 consecuti
785 1887 899 1930 sint.
967 1883 1217 1946 Equidem
1251 1887 1406 1930 etiam
1439 1883 1558 1929 mihi
1590 1884 1711 1932 illud

227 1971 448 2015 animum
486 1966 761 2012 advertisse
801 1965 970 2010 videor
1001 1965 1113 2026 (scis
1145 1967 1297 2019 enim,
1327 1981 1478 2026 quani
1511 1972 1711 2012 attente

228 2057 279 2096 te
303 2048 474 2094 audire
491 2045 718 2108 soleam),
736 2051 787 2090 te
806 2061 904 2091 non
926 2051 1031 2090 tam
1050 2060 1127 2090 res
1149 2051 1337 2107 gestas,
1359 2061 1510 2107 quam
1533 2062 1711 2104 mores,

293 2235 312 2252 ‘²
341 2229 427 2276 i.e.,
460 2226 533 2267 the
573 2229 802 2277 augurato.
877 2223 1030 2265 Cicero
1069 2224 1212 2275 might
1250 2224 1360 2265 have
1397 2225 1603 2276 accepted
1642 2225 1712 2265 the

234 2287 450 2333 augurate
480 2283 522 2321 in
545 2283 596 2320 59
621 2279 704 2319 had
733 2282 765 2319 it
795 2279 902 2318 been
934 2277 1095 2318 offered
1120 2278 1225 2325 him,
1248 2278 1327 2318 but
1358 2278 1409 2318 he
1439 2278 1514 2318 did
1539 2282 1611 2318 not
1630 2280 1710 2320 ask

238 2338 302 2375 for
323 2338 367 2376 it.
430 2335 499 2375 He
521 2347 606 2373 was
628 2332 790 2373 elected
815 2346 959 2384 augur
981 2334 1023 2372 in
1054 2335 1122 2379 53,
1146 2333 1188 2372 in
1211 2331 1282 2372 the
1303 2330 1427 2383 place
1447 2333 1496 2372 of
1512 2332 1710 2380 Crassus,

235 2389 369 2430 killed
389 2393 435 2428 at
455 2388 661 2429 Carrhae.

300 2444 315 2466 ‘³
346 2443 428 2483 His
449 2441 731 2481 banishment
752 2441 795 2480 in
817 2442 885 2481 58.

298 2501 315 2518 ⁶
344 2496 427 2544 2'.e.‚
448 2510 474 2536 a
495 2494 703 2548 triumph.

233 2560 328 2608 260
