1837 3029
872 205 1123 252 CICERO

255 331 605 379 Ariobarzanis
668 350 782 380 cum
846 337 953 396 ipso
1016 350 1137 398 rege
1201 350 1432 398 regnum,
1492 337 1737 381 sociorum

254 419 540 459 revocatam
591 414 654 460 ad
702 415 926 461 studium
975 418 1154 476 imperi
1203 418 1359 461 nostri
1407 414 1739 470 voluntatem,

205 496 230 535 2
254 496 509 539 sententia
539 510 653 540 mea
684 501 738 541 et
767 495 973 542 decreto
1002 495 1280 551 laudarem,
1309 494 1421 541 feci.
1484 494 1738 558 Supplica-

254 575 445 620 tionem
475 574 752 630 decretam,
781 579 819 621 si
850 583 924 631 tu,
954 593 1053 638 qua
1081 579 1132 622 in
1161 592 1215 622 re
1245 575 1367 622 nihil
1394 575 1621 632 fortuito,
1649 575 1737 623 sed

253 669 447 700 summa
483 661 572 701 tua
606 659 801 702 ratione
838 664 891 703 et
925 660 1255 712 continentia,
1288 655 1593 719 reipublicae
1627 673 1737 719 pro-

254 736 412 780 visum
441 742 536 790 est,
565 736 639 782 dis
667 737 1033 783 immortalibus
1059 737 1302 801 gratulari
1329 754 1436 793 nos,
1464 753 1616 800 quam
1644 738 1733 783 tibi

252 812 439 861 referre
470 824 734 879 acceptum
764 821 940 874 mavis,
968 819 1183 881 gaudeo.
1248 817 1397 876 Quod
1426 821 1465 864 si
1495 817 1734 880 triumphi

249 900 654 960 praerogativam
672 905 821 960 putas
840 898 1276 961 supplicationem,
1296 898 1547 945 etidcirco
1565 914 1734 944 casum

249 979 434 1037 potius,
459 994 611 1040 quam
636 986 688 1025 te
712 978 905 1026 laudari
929 983 1104 1036 mavis,
1128 996 1294 1043 neque
1318 979 1734 1042 supplicationem

249 1060 477 1119 sequitur
495 1075 696 1121 semper
713 1060 1015 1123 triumphus,
1034 1068 1087 1107 et
1105 1059 1362 1123 triumpho
1379 1060 1541 1107 multo
1557 1060 1735 1107 clarius

250 1145 345 1193 est,
373 1147 607 1186 senatum
635 1141 874 1197 iudicare,
900 1146 1069 1204 potius
1097 1142 1487 1189 mansuetudine
1517 1149 1571 1188 et
1596 1144 1736 1189 inno-

247 1222 416 1265 centia
443 1223 760 1283 imperatoris
788 1226 1112 1285 provinciam,
1142 1239 1294 1285 quam
1324 1226 1370 1269 vi
1400 1222 1617 1269 militum
1648 1230 1736 1269 aut

249 1300 567 1364 benignitate
617 1303 827 1349 deorum
875 1311 1131 1350 retentam
1183 1312 1338 1367 atque
1388 1310 1734 1350 conservatam

199 1386 223 1426 3
249 1396 392 1437 esse;
449 1383 585 1445 quod
624 1399 719 1447 ego
758 1400 873 1431 mea
910 1389 1167 1431 sententia
1204 1385 1490 1431 censebam.
1562 1385 1735 1447 Atque

249 1460 372 1508 haec
402 1479 498 1526 ego
526 1465 709 1511 idcirco
739 1466 804 1512 ad
833 1472 886 1511 te
917 1474 1092 1513 contra
1120 1466 1539 1512 consuetudinem
1567 1481 1735 1511 meam

248 1542 470 1604 pluribus
496 1548 685 1608 scripsi,
710 1553 785 1602 ut,
811 1547 946 1609 quod
970 1550 1191 1593 maxime
1218 1546 1345 1602 volo,
1370 1549 1629 1593 existimes
1652 1561 1734 1591 me

249 1623 493 1681 laborare,
526 1633 582 1672 ut
614 1628 706 1673 tibi
738 1628 1073 1690 persuadeam
1105 1644 1186 1674 me
1221 1635 1274 1675 et
1305 1627 1518 1674 voluisse
1550 1627 1614 1674 de
1645 1633 1735 1673 tua

246 1709 533 1762 maiestate,
555 1709 691 1770 quod
713 1708 1075 1771 amplissimum
1096 1712 1189 1756 sim
1211 1710 1503 1764 arbitratus,
1525 1715 1579 1755 et
1599 1707 1734 1770 quod

247 1792 303 1832 tu
324 1786 562 1843 maluisti,
581 1787 773 1836 factum
795 1806 904 1836 esse
922 1791 1164 1853 gaudere.
1218 1790 1361 1846 Vale,
1382 1797 1436 1837 et
1454 1806 1543 1836 nos
1563 1787 1733 1851 dilige,

248 1874 300 1913 et
325 1870 560 1915 instituto
585 1873 767 1916 itinere
794 1875 1121 1918 severitatem
1146 1871 1565 1935 diligentiamque
1589 1871 1732 1916 sociis

246 1955 299 1994 et
322 1949 627 2011 reipublicae
649 1958 869 2013 praesta.

307 2161 326 2180 ⁰
356 2156 461 2196 This
483 2159 517 2197 is
537 2157 685 2210 surely
703 2158 776 2199 the
797 2159 994 2200 bitterest
1019 2173 1226 2207 sarcasm,
1250 2159 1390 2200 which
1412 2159 1564 2200 Cicero
1594 2158 1730 2199 either

249 2209 354 2249 does
375 2215 451 2250 not
471 2224 553 2257 see,
575 2225 623 2251 or
643 2212 792 2264 wisely
808 2216 995 2264 ignores.
1058 2216 1168 2254 Cato
1186 2214 1353 2265 plainly
1376 2216 1614 2254 insinuates
1634 2213 1730 2254 that

249 2263 415 2310 Cicero,
436 2265 561 2304 while
581 2268 740 2318 posing
759 2281 807 2306 as
828 2282 853 2307 a
875 2270 1000 2318 pious
1024 2281 1141 2314 rnan,
1166 2267 1433 2319 profoundly
1460 2267 1654 2319 grateful
1684 2271 1728 2307 to

249 2317 320 2356 the
339 2317 451 2368 gods
480 2319 567 2370 (for
589 2334 712 2359 casus
736 2320 834 2360 here
866 2323 898 2360 is
919 2335 1221 2373 synonymous
1252 2322 1354 2362 with
1385 2322 1434 2361 di
1463 2321 1726 2361 immortales

247 2370 419 2420 above),
442 2371 519 2412 has
538 2373 602 2412 his
623 2386 701 2425 eye
719 2373 776 2413 all
792 2374 866 2414 the
882 2376 984 2414 time
1002 2388 1057 2414 on
1080 2375 1151 2415 the
1167 2376 1364 2427 triumph
1385 2375 1481 2415 that
1501 2374 1554 2415 he
1574 2373 1726 2415 thinks

248 2423 330 2463 will
369 2425 529 2472 follow,
564 2427 648 2475 i.e.‚
678 2440 734 2467 on
777 2428 841 2468 his
880 2442 977 2468 own
1016 2429 1217 2480 personal
1256 2429 1589 2475 advancement,
1636 2429 1724 2469 and

248 2477 432 2529 nothing
452 2479 551 2520 else.

249 2624 343 2671 266
