1837 3029
834 207 1086 256 CICERO

215 356 319 385 rem
368 339 455 385 tibi
504 355 752 400 exponam
803 340 972 399 paucis
1020 337 1216 392 verbis3
1278 336 1367 383 scd
1412 344 1603 391 tamen,
1649 341 1704 382 ut

216 406 363 468 plane
424 409 705 467 perspicere
765 407 919 465 possis
979 404 1291 449 voluntatci'n
1351 421 1532 449 meam.
1626 402 1703 447 In-

215 473 451 519 credibile
481 480 575 519 est.
604 475 779 533 quanti
808 469 1048 516 faciamus
1077 477 1130 516 et
1158 487 1253 529 ego
1282 477 1335 516 et
1360 469 1517 516 frater
1546 486 1704 523 meus,

217 543 301 602 qui
339 539 458 584 mihi
497 541 776 584 carissinms
815 544 909 591 est,
952 537 1022 582 M.
1066 536 1326 582 Laenium.
1401 537 1459 583 Id
1497 536 1555 582 fit
1591 552 1702 582 cum

220 606 441 668 plurimis
460 608 565 651 eius
582 605 769 660 officiis,
787 611 893 650 tum
913 621 1107 649 summa
1127 604 1380 665 probitate
1400 610 1453 649 et
1468 602 1705 663 singulari

218 674 480 719 modestia.
549 672 678 717 Eum
716 689 811 731 ego
846 688 873 716 a
907 687 987 716 me
1022 674 1344 716 invitissimus
1377 670 1558 724 dimisi,
1591 686 1702 714 cum

217 747 423 802 propter
454 738 849 785 familiaritatem
888 745 940 783 ct
974 738 1350 783 consuetudinis
1383 740 1705 790 suavitatem,

217 814 325 853 tum
351 806 486 869 quod
510 805 712 852 consilio
738 808 843 850 cius
870 804 1003 850 fideli
1030 821 1085 850 ac
1110 805 1242 850 bono
1265 803 1484 850 libenter
1507 803 1702 849 utebar.

169 880 192 919 2
217 873 318 920 Sed
341 889 533 928 vereor,
559 889 622 919 ne
647 875 746 918 iam
771 871 891 917 mihi
917 887 1179 933 superesse
1206 871 1358 917 verba
1382 877 1549 933 putes,
1574 886 1704 931 quae

215 941 443 988 dixeram
477 938 730 987 defutura.
799 938 1111 985 Commendo
1145 938 1236 985 tibi
1271 937 1543 991 hominem,
1577 940 1705 982 sicut

216 1007 468 1070 intellegis
510 1023 610 1062 me,
647 1006 711 1053 de
754 1022 854 1068 quo
892 1022 952 1052 ea
988 1022 1139 1067 supra
1180 1007 1478 1066 scripserim,
1517 1003 1703 1050 debere

216 1074 570 1121 commendare
595 1088 606 1128 ;
641 1090 668 1119 a
685 1080 840 1135 teque
858 1071 1188 1119 vehementer
1205 1075 1358 1118 etiam
1377 1078 1530 1133 atque
1548 1073 1702 1117 etiam

217 1148 355 1204 peto,
373 1147 447 1197 ut,
466 1141 601 1203 quod
618 1139 775 1186 habet
792 1143 843 1185 in
861 1147 951 1186 tua
967 1141 1218 1202 provincia
1237 1141 1428 1202 negoti,
1447 1137 1704 1199 expedias,

217 1208 351 1271 quod
371 1208 462 1254 tibi
483 1208 735 1254 videbitur
753 1214 948 1253 rectum
970 1223 1096 1262 esse,
1115 1209 1207 1268 ipsi
1228 1206 1378 1252 dicas.
1433 1204 1702 1251 Hominem

216 1274 506 1321 facillimum
539 1274 1043 1335 liberalissimumque
1079 1288 1364 1337 cognosces.
1434 1271 1615 1332 Itaque
1650 1276 1703 1315 te

216 1359 354 1405 rogo,
376 1349 433 1388 ut
454 1358 570 1388 eum
590 1341 828 1395 solutum,
848 1340 1078 1395 liberum,
1100 1338 1340 1386 confectis
1363 1341 1467 1384 eius
1489 1339 1703 1400 negotiis

216 1425 306 1470 per
349 1415 420 1463 te,
465 1425 616 1470 quam
660 1411 874 1470 primum
923 1408 985 1453 ad
1030 1423 1110 1453 me
1155 1408 1402 1453 remittas.
1480 1404 1540 1451 Id
1583 1402 1703 1450 mihi

215 1474 435 1539 fratique
459 1492 573 1522 meo
596 1478 936 1538 gratissimum
961 1473 1154 1520 feceris.

876 1695 1041 1742 LXIV

551 1828 606 1861 Μ.
643 1828 687 1859 Τ.
725 1830 764 1859 c.
803 1829 839 1859 S.
878 1829 924 1859 D.
963 1829 1004 1859 P.
1043 1828 1166 1859 Slmo
1203 1828 1380 1860 PROPR-

705 1929 756 1971 In
778 1929 945 1977 Cilicia,
968 1943 1099 1970 A.U.c.
1121 1933 1218 1970 703.

170 2043 188 2083 l
281 2037 415 2084 Nero
456 2053 598 2083 meus
640 2036 870 2082 mirificas
914 2036 1048 2097 apud
1091 2052 1172 2081 me
1214 2035 1305 2081 tibi
1348 2037 1536 2098 gratias
1579 2036 1702 2096 egit,

218 2121 413 2166 prorsus
447 2103 780 2158 incredibiles,
814 2111 871 2150 ut
905 2103 1093 2148 nullum
1130 2101 1369 2148 honorem
1403 2101 1494 2146 sibi
1530 2100 1701 2146 haberi

279 2279 297 2299 ⁰
326 2273 527 2314 Tiberius
549 2273 760 2314 Claudius
785 2273 917 2319 Nero,
940 2272 1084 2313 father
1106 2274 1156 2313 of
1172 2272 1246 2312 the
1268 2285 1468 2323 emperor
1487 2270 1701 2315 Tiberius.

223 2328 477 2380 impcaclied
509 2328 727 2368 Gabinius
757 2330 799 2367 in
829 2332 884 2368 54-
912 2328 1040 2378 (QAE.
1071 2329 1128 2367 iii.
1165 2331 1198 2367 l.
1236 2330 1299 2373 15,
1328 2325 1416 2366 and
1445 2329 1484 2365 Ω.
1521 2327 1574 2374 l).
1634 2324 1701 2363 lle

221 2382 374 2422 visited
404 2384 555 2422 Cicero
583 2384 624 2421 in
654 2382 803 2422 Cilicia
832 2386 876 2422 to
903 2395 1090 2433 arrange
1117 2395 1143 2420 a
1171 2382 1388 2431 marriage
1415 2379 1518 2419 with
1543 2377 1701 2423 Tullia,

222 2436 300 2475 but
327 2436 403 2476 she
432 2435 517 2475 had
545 2435 724 2487 already
746 2435 926 2475 become
952 2434 1182 2475 betrothed
1209 2439 1255 2474 to
1282 2432 1527 2473 Dolabella.
1583 2431 1700 2471 Nero

220 2490 477 2530 afterwards
505 2489 691 2529 married
726 2490 848 2529 Livia
878 2488 1084 2535 Drusilla,
1114 2489 1256 2528 whom
1287 2488 1341 2528 he
1369 2486 1457 2527 had
1485 2492 1530 2527 to
1555 2487 1700 2538 resign

221 2545 264 2583 in
287 2543 395 2584 later
417 2543 490 2584 life
511 2548 556 2583 to
579 2543 633 2584 be
654 2544 727 2583 the
751 2545 847 2583 wife
869 2544 920 2583 of
937 2544 1181 2595 Augustus.

229 2606 320 2654 146
