1837 3029
853 170 1102 217 CICERO

234 301 405 362 gativa
442 301 782 360 pronuntiare.
857 299 955 345 Res
996 300 1140 345 ardct
1178 299 1379 346 invidia.
1450 299 1721 349 Tribunicii

234 365 489 412 candidati
518 369 984 426 compromiserunt,
1016 365 1098 411 HS
1129 369 1394 428 quingenis
1422 369 1475 412 in
1502 368 1721 431 singulos

235 433 369 494 apud
408 432 480 478 M.
521 432 766 478 Catonem
804 433 1061 494 depositi3‚
1098 441 1275 494 petere
1313 437 1418 480 eius
1455 435 1721 490 arbitratu,

235 507 309 554 ut,
337 502 421 560 qui
449 506 621 544 contra
650 498 869 552 fecisset,
899 501 961 545 ab
990 516 1049 545 eo
1077 500 1514 547 condemnaretur.
1575 501 1721 559 Quae

235 566 438 628 quidem
465 569 667 610 comitia
692 569 917 627 gratuita
942 569 980 611 si
1008 565 1213 621 fuerint,
1241 574 1297 612 ut
1322 574 1584 628 putantur,
1610 568 1720 630 plus

237 650 361 678 unus
379 632 505 678 Cato
523 631 692 687 fuerit,
709 649 859 695 quam
878 650 1050 679 omnes
1067 633 1204 696 leges
1222 650 1497 697 omnesque
1514 635 1719 683 iudices.

915 832 1035 879 XVI

612 975 667 1008 Μ.
706 977 878 1007 CICERO
914 977 950 1007 S.
990 978 1035 1008 D.
1073 977 1117 1014 Q.
1155 978 1338 1010 FRATRI

764 1090 944 1138 nomae,
968 1104 1099 1131 A.u.c.
1124 1094 1220 1132 700.

293 1205 421 1252 Cum
470 1221 499 1251 a
546 1221 628 1251 me
677 1205 871 1251 litteras
920 1205 1086 1250 librari
1136 1223 1287 1252 manu
1338 1211 1607 1269 acceperis,
1656 1224 1720 1256 ne

231 1273 451 1335 paullum
476 1272 678 1334 quidem
701 1276 771 1318 oti
794 1288 875 1318 me
897 1271 1129 1318 habuis-sc
1153 1273 1390 1329 iudicato,
1411 1291 1524 1320 cum
1547 1282 1719 1322 autem

234 1357 361 1395 mea,
398 1339 635 1401 paullum.
713 1338 791 1384 Sic
835 1342 965 1384 enim
1011 1338 1216 1394 habeto,
1260 1357 1534 1404 numquam
1573 1359 1653 1388 me
1692 1359 1719 1388 a

231 1409 389 1453 causis
425 1413 477 1452 et
510 1406 701 1452 iudiciis
736 1406 1090 1452 districtiorem
1124 1405 1294 1462 fuisse,
1329 1414 1484 1470 atque
1517 1408 1569 1455 id
1603 1413 1719 1455 anni

235 1482 459 1535 tempore
484 1475 775 1536 gravissimo
801 1479 854 1519 et
886 1473 1131 1520 caloribus
1160 1477 1406 1521 maximis.
1466 1473 1566 1522 Sed
1595 1474 1720 1523 haec

231 1542 488 1605 (quoniam
507 1547 563 1586 tu
582 1542 654 1586 ita
672 1540 986 1602 praescribis)
1004 1538 1215 1587 ferenda
1233 1548 1378 1597 sunt3
1404 1558 1570 1604 neque
1589 1547 1720 1589 com-

231 1607 555 1662 mittendum,
587 1614 644 1654 ut
681 1614 770 1653 aut
807 1610 913 1669 spei
945 1614 1033 1654 aut
1070 1611 1365 1670 cogitationi
1396 1616 1593 1655 vestrae
1625 1627 1720 1673 ego

232 1676 401 1722 videar
420 1672 639 1721 defuisse
663 1689 675 1729 3
712 1678 1010 1736 praesertim
1031 1691 1162 1731 cum,
1182 1678 1387 1722 tametsi
1408 1676 1459 1722 id
1478 1676 1719 1723 difficilius

231 1741 400 1797 fuerit,
433 1746 607 1787 tamen
640 1757 702 1787 ex
735 1740 827 1787 hoc
860 1741 1029 1788 labore
1063 1759 1300 1805 magnam
1332 1746 1549 1805 gratiam
1580 1760 1719 1806 mag-

231 1825 448 1871 namque
478 1808 782 1871 dignitatem
811 1811 904 1854 sim
932 1808 1244 1855 collecturus.
1310 1807 1510 1872 Itaque,
1540 1818 1598 1857 ut
1626 1812 1717 1857 tibi

230 1876 414 1939 placet,
439 1875 616 1921 damus
641 1891 863 1937 operam,
890 1891 952 1922 ne
978 1879 1116 1923 cuius
1142 1879 1362 1922 animum
1389 1875 1719 1934 offendamus,

231 1950 385 2006 atque
410 1949 466 1989 ut
491 1946 645 1988 etiam
670 1943 733 1988 ab
757 1941 831 1988 his
855 1945 989 2004 ipsis,
1014 1946 1097 2005 qui
1123 1960 1211 1989 nos
1235 1960 1348 1989 cum
1373 1943 1588 1991 Caesare
1612 1952 1718 1991 tam

230 2012 519 2056 coniunctos
563 2008 753 2064 dolent,
799 2009 1080 2071 diligamur,
1125 2011 1189 2056 ab
1233 2013 1406 2073 aequis
1451 2027 1584 2068 vero,
1629 2018 1718 2058 aut

230 2080 384 2123 etiam
424 2093 453 2122 a
489 2079 748 2138 propensis
787 2079 836 2122 in
875 2076 1003 2123 hanc
1041 2084 1255 2138 partem,
1297 2076 1625 2124 vehementer
1663 2085 1717 2125 et

289 2240 308 2259 ⁰
338 2235 431 2275 The
459 2240 642 2286 century
673 2236 824 2285 voting
854 2235 946 2275 first
975 2239 1021 2275 at
1049 2235 1122 2275 the
1151 2236 1325 2275 comitia
1354 2237 1600 2275 centuriata
1629 2249 1717 2277 was

232 2289 371 2329 called
409 2291 605 2328 centuria
639 2290 964 2339 praerogmtica,
1003 2288 1091 2328 and
1131 2290 1184 2328 its
1223 2293 1320 2329 vote
1359 2288 1503 2329 would
1543 2289 1653 2330 have
1691 2303 1717 2329 a

231 2348 356 2393 great
379 2341 514 2381 moral
538 2344 663 2382 effect
686 2356 741 2381 on
764 2342 837 2382 the
860 2345 1011 2393 voting
1033 2344 1081 2382 of
1100 2342 1172 2382 the
1194 2343 1317 2382 other
1338 2344 1567 2383 centuries.

293 2396 308 2420 ὸ
343 2397 469 2436 λῙυΓα
492 2398 597 2435 than
620 2400 766 2435 *54000
788 2397 909 2436 each.

294 2455 307 2473 ⁶
339 2450 444 2489 Thi„-
475 2464 559 2488 was
589 2464 613 2488 a
643 2455 767 2500 great
796 2450 1081 2501 compliment
1112 2454 1155 2489 to
1186 2449 1333 2490 Cato's
1363 2450 1586 2501 integrity.
1646 2449 1717 2490 He

235 2517 322 2544 was
343 2516 440 2544 now
463 2507 649 2555 praetor.

236 2574 330 2614 540
