1837 3029
834 152 1084 199 CICERO

222 298 385 328 nenio.
455 282 749 328 Ceterorum
780 298 1033 327 servorum
1066 298 1127 326 ea
1153 297 1304 326 causa
1332 287 1428 336 est,
1456 286 1531 335 ut,
1558 283 1597 325 si
1625 295 1703 326 res

222 366 252 394 a
299 349 440 395 nobis
487 349 694 403 abisset,
736 348 904 394 liberti
951 351 1107 394 nostri
1155 354 1343 402 essent,
1388 350 1428 393 si
1473 348 1704 394 obtinere

221 418 504 477 potuissent
529 431 539 470 ;
574 419 648 461 sin
667 415 731 461 ad
747 432 836 461 nos
852 417 1705 477 pertinerent,servirent,praeter-

173 490 373 544 5quam
418 482 604 544 oppido
648 485 810 543 pauci.
878 481 978 528 Sed
1022 480 1148 527 haec
1191 484 1385 527 minora
1428 487 1562 527 sunt.
1628 479 1703 526 Tu

221 549 356 610 quod
398 565 479 595 me
522 547 754 603 hortaris,
797 555 855 594 ut
895 552 1063 594 animo
1104 551 1197 594 sim
1238 564 1425 611 magno
1467 554 1522 594 et
1561 562 1703 609 spem

220 614 433 661 habeam
464 615 841 677 recuperandae
870 615 1063 671 salutis,
1090 615 1142 662 id
1170 614 1318 661 velim
1348 617 1414 661 sit
1442 613 1704 668 eiusmodi,

221 689 278 728 ut
322 689 461 728 recte
506 698 709 743 sperare
753 685 1015 744 possimus.
1082 681 1246 737 Nunc,
1289 685 1458 736 miser,
1501 679 1704 744 quando

220 755 334 795 tuas
369 752 469 794 iam
505 748 702 795 litteras
737 749 1020 810 accipiam?
1075 752 1185 811 quis
1221 748 1286 795 ad
1320 765 1403 794 me
1438 746 1702 809 perferet?

218 832 343 878 quas
370 832 465 878 ego
491 822 867 877 exspectassem
893 815 1143 870 Brundisi,
1168 817 1208 861 si
1235 822 1371 861 esset
1393 814 1586 861 licitum
1612 829 1704 876 per

218 889 418 937 nautas,
452 886 537 944 qui
570 890 936 945 tempestatem
969 885 1383 944 praetermittere
1415 880 1700 928 noluerunt.

219 949 368 1006 Quod
403 949 653 1011 reliquum
691 956 787 1005 est,
823 956 1056 996 sustenta
1092 957 1164 1005 te,
1200 965 1317 995 mea
1351 948 1609 1003 Terentia,
1645 953 1703 993 ut

220 1023 383 1077 potes,
417 1015 786 1063 honestissime.
854 1016 1081 1062 Viximus
1104 1032 1115 1071 ;
1135 1016 1154 1046 1
1227 1015 1519 1071 floruimus3
1601 1030 1702 1060 non

218 1086 395 1128 vitium
425 1090 670 1138 nostrum,
699 1084 790 1130 sed
818 1087 976 1130 virtus
1004 1090 1176 1130 nostra
1205 1099 1295 1130 nos
1323 1082 1515 1129 afflixit.
1581 1079 1693 1127 Pec-

217 1157 389 1196 catum
423 1157 502 1196 est
534 1150 743 1205 nullum,
777 1153 869 1197 nisi
902 1151 1038 1213 quod
1070 1167 1170 1196 non
1203 1167 1304 1196 una
1335 1152 1555 1196 animam
1586 1164 1700 1194 cum

217 1219 527 1263 ornamentis
554 1221 824 1264 amisimus.
892 1217 992 1264 Sed
1018 1220 1057 1263 si
1084 1216 1178 1263 hoc
1203 1215 1302 1263 fuit
1325 1215 1494 1262 liberis
1519 1217 1701 1262 nostris

216 1287 428 1346 gratius,
460 1300 549 1330 nos
581 1287 767 1338 vivere,
798 1291 987 1339 cetera,
1019 1300 1328 1346 quamquam
1358 1282 1571 1329 ferenda
1600 1297 1700 1328 non

218 1357 354 1405 sunt,
378 1349 614 1397 feramus.
681 1352 856 1413 Atque
881 1367 995 1413 ego,
1019 1354 1104 1413 qui
1129 1358 1182 1397 te
1207 1350 1464 1405 confirmo,
1485 1352 1593 1411 ipse
1618 1363 1700 1394 me

171 1423 196 1462 6
219 1434 318 1463 non
340 1433 558 1478 possum.
626 1417 857 1464 Clodium
879 1417 1241 1473 Philetaerum,
1255 1417 1390 1479 quod
1410 1415 1700 1463 valetudine

218 1483 473 1530 oculorum
516 1485 909 1546 impediebatur,
952 1483 1208 1531 hominem
1252 1482 1473 1539 fidelem,
1514 1483 1698 1529 remisi.

217 1550 480 1597 Sallustius
511 1551 669 1598 officio
701 1554 856 1598 vincit
886 1567 1076 1598 omnes.
1143 1550 1448 1597 Pescennius
1481 1556 1560 1596 est
1589 1564 1700 1611 per-

219 1617 494 1664 benevolus
518 1619 660 1665 nobis
683 1633 694 1672 3
736 1635 889 1681 quem
913 1635 1114 1681 semper
1136 1634 1283 1680 spero
1305 1620 1382 1664 tui
1403 1616 1511 1663 fore
1533 1616 1701 1662 obser·

219 1691 441 1731 vantem.
468 1684 608 1731 Sicca
631 1685 850 1740 dixerat,
875 1702 927 1732 se
952 1702 1152 1732 mecum
1175 1684 1302 1740 fore,
1325 1684 1416 1731 sed
1439 1682 1701 1731 Brundisio

219 1751 463 1798 discessit.
530 1751 679 1806 Cura,
727 1752 896 1815 quoad
944 1759 1107 1814 poteS‚
1156 1758 1215 1798 ut
1262 1750 1464 1806 valeas3
1531 1756 1586 1797 et
1633 1751 1701 1794 sic

220 1821 498 1872 existimes,
529 1835 611 1865 me
646 1817 997 1865 vehementius
1029 1826 1120 1865 tua
1151 1821 1370 1873 miseria,
1402 1833 1554 1881 quam
1586 1831 1701 1861 mea

220 1888 538 1931 commoveri.
607 1885 730 1932 Mea
761 1886 1019 1941 Terentia,
1052 1886 1290 1932 fidissima
1323 1892 1479 1947 atque
1510 1886 1703 1946 optima

222 1969 363 2007 uxor,
390 1959 443 1998 et
468 1968 583 1998 mea
607 1956 861 1999 carissima
887 1952 1054 2007 filiola,
1080 1960 1134 1998 et
1158 1969 1272 2013 spes
1296 1951 1491 2014 reliqua
1513 1956 1703 2003 nostra,

221 2019 413 2074 Cicero,
438 2019 620 2066 valete.
688 2020 854 2067 Pridie
883 2019 1138 2066 Kalendas
1166 2019 1330 2066 Maias
1354 2018 1633 2065 Brundisio.

283 2125 298 2150 ¹
330 2130 377 2166 ut
400 2131 537 2177 potes.
599 2127 917 2168 IIonestissiine
941 2129 1127 2168 viximus
1151 2127 1302 2167 Baiter
1325 2126 1416 2167 and
1438 2124 1596 2172 Nobbe‚
1614 2123 1705 2164 and

224 2181 412 2232 perhaps
433 2182 528 2232 they
548 2195 622 2221 are
642 2183 773 2233 riqht.

285 2295 303 2312 ‘²
333 2290 564 2341 “Against
594 2290 716 2330 those
748 2290 844 2330 who
876 2290 1018 2342 might
1047 2303 1153 2341 urge
1187 2289 1283 2329 that
1315 2288 1388 2328 the
1419 2288 1629 2340 penalties
1656 2286 1704 2326 of

225 2343 510 2383 eonfiscation
532 2357 641 2383 were
663 2343 795 2395 being
817 2344 916 2383 thus
937 2343 1151 2384 evadcd.”
1209 2342 1391 2394 'l‘yrrelL

286 2395 301 2419 ¹²
333 2395 527 2443 Clodius,
578 2396 826 2444 Sallustius,
876 2397 961 2437 and
1017 2397 1279 2438 Pescennius
1329 2409 1438 2436 were
1486 2391 1703 2446 probably

226 2449 450 2490 freedinen
471 2451 522 2490 of
538 2450 702 2491 Cicero.

284 2510 298 2530 ⁰
331 2505 369 2544 Α
383 2504 527 2545 friend
544 2506 594 2545 of
610 2504 798 2546 Cicero's
815 2504 912 2545 who
928 2503 1015 2545 had
1033 2518 1058 2544 a
1074 2504 1176 2545 villa
1190 2508 1236 2545 at
1251 2503 1391 2544 Vibro
1406 2503 1449 2543 in
1465 2502 1700 2542 Bruttium.

230 2574 320 2622 198
