1837 3029
866 190 1114 236 CICERO

248 328 347 383 egi,
379 330 434 368 ut
465 337 638 367 omnes
670 327 782 366 tuos
815 335 990 364 nervos
1021 321 1071 363 in
1103 334 1163 364 eo
1192 318 1487 372 contendas,
1518 335 1581 365 ne
1610 320 1728 381 quid

248 403 366 449 mihi
395 403 457 448 ad
483 401 610 446 lianc
636 402 958 462 provinciam,
977 415 1127 461 quam
1148 405 1201 444 et
1225 404 1430 445 senatus
1449 405 1501 444 et
1519 399 1730 460 populus

248 500 464 530 annuam
497 498 605 527 csse
636 479 808 533 voluit,
838 482 1078 540 temporis
1106 485 1420 541 prorogetur.
1483 478 1593 525 Hoc
1621 495 1649 525 a
1676 485 1730 526 te

247 568 318 610 ita
347 563 617 615 contendo,
647 568 703 606 ut
730 563 780 606 in
811 576 870 606 co
899 559 1126 605 fortunas
1154 575 1292 605 meas
1321 562 1509 620 positas
1536 567 1729 622 putem.

248 646 420 691 Habes
461 642 689 688 Paullum
728 648 953 687 nostrum
994 643 1149 686 nostri
1188 640 1598 701 cupidissimum3
1654 647 1732 689 est

248 726 413 778 Curio,
451 730 529 769 cst
566 723 792 768 Furnius.
862 720 941 767 Sic
977 720 1125 766 velim
1163 723 1375 776 enitare,
1410 723 1552 783 quasi
1585 723 1636 767 in
1671 737 1731 768 eo

198 814 223 852 6
247 810 345 851 sint
381 804 501 849 mihi
537 806 719 849 onmia.
788 802 1088 847 Extremum
1124 800 1245 847 illud
1281 808 1359 847 est
1393 801 1457 848 de
1491 804 1567 856 iis,
1601 818 1731 864 quae

247 901 623 949 proposueram,
648 883 960 929 confirmatio
986 889 1187 928 nostrae
1215 884 1464 927 amicitiae
1489 897 1500 937 ;
1543 882 1607 929 de
1633 899 1733 945 qua

247 967 470 1030 pluribus
493 966 655 1012 verbis
676 963 797 1010 nihil
819 980 942 1025 opus
965 970 1058 1009 cst.
1112 962 1188 1008 Tu
1209 979 1335 1025 puer
1355 979 1436 1008 me
1459 966 1698 1025 appetisti
1720 978 1732 1018 ;

248 1065 343 1110 ego
387 1054 559 1093 autem
603 1061 803 1106 semper
845 1050 1143 1089 ornamento
1186 1050 1239 1089 te
1281 1042 1403 1089 mihi
1446 1041 1552 1090 fore
1595 1044 1732 1090 duxi.

249 1129 406 1174 Fuisti
442 1129 597 1172 etiam
633 1125 882 1188 praesidio
915 1126 1211 1170 tristissimis
1247 1126 1371 1169 mcis
1405 1125 1732 1185 temporibus.

248 1210 475 1255 Accessit
503 1213 619 1269 post
648 1213 792 1252 tuum
824 1205 1096 1251 discessum
1128 1203 1440 1249 familiaritas
1469 1203 1590 1249 mihi
1620 1221 1733 1250 cum

248 1290 404 1335 Bruto
449 1295 538 1334 tuo
582 1289 818 1333 maxima.
899 1285 1082 1348 Itaque
1127 1287 1177 1330 in
1223 1291 1389 1330 vestro
1433 1287 1637 1347 ingenio
1682 1292 1736 1332 et

247 1371 492 1416 industria
529 1367 651 1413 mihi
686 1366 957 1429 plurimum
995 1372 1049 1412 et
1085 1368 1347 1411 suavitatis
1386 1371 1437 1411 et
1474 1365 1736 1428 dignitatis

247 1453 582 1497 constitutum
609 1454 749 1510 puto.
812 1446 873 1493 Id
899 1453 955 1492 tu
984 1452 1042 1492 ut
1068 1453 1157 1492 tuo
1185 1446 1352 1492 studio
1379 1445 1660 1500 confirmeS,
1683 1453 1735 1492 te

247 1530 579 1576 vehementer
625 1545 763 1590 rogo,
810 1526 1109 1588 litterasque
1158 1526 1222 1572 ad
1269 1542 1350 1571 me
1400 1532 1453 1571 ct
1499 1529 1737 1573 continuo

246 1614 440 1665 mittas,
464 1616 535 1665 ct,
559 1625 672 1655 cum
700 1608 910 1653 Romam
937 1609 1149 1662 veneriS‚
1173 1622 1326 1669 quam
1350 1609 1658 1668 saepissime.

632 1954 686 1985 Μ.
722 1954 766 1983 Τ.
804 1956 843 1982 (⁴.
881 1953 918 1982 S.
959 1953 999 1982 l‘.
1039 1953 1083 1982 Ι).
1121 1953 1161 1982 Γ.
1199 1951 1359 1983 FASSlO

752 2067 972 2109 Brundisi.
995 2080 1124 2106 A.U.c.
1149 2069 1242 2106 707.

203 2193 223 2234 1
315 2186 421 2231 Etsi
469 2192 683 2246 uterquc
729 2190 973 2237 nostrum,
1017 2198 1106 2244 spe
1151 2184 1286 2243 pacis
1331 2187 1386 2227 et
1427 2181 1542 2228 odio
1584 2180 1737 2228 civilis

251 2269 524 2328 sanguinis,
569 2266 744 2310 abesse
789 2280 814 2308 a
857 2262 970 2308 belli
1016 2265 1293 2323 pertinacia
1332 2260 1505 2313 voluit,
1547 2268 1738 2316 tamen,

253 2349 489 2408 quoniam
518 2348 623 2390 eius
654 2343 823 2389 consili
851 2347 1080 2405 princeps
1108 2360 1203 2404 ego
1228 2340 1380 2387 fuisse
1405 2341 1594 2395 videor,
1628 2341 1738 2403 plus

208 2470 413 2477 -—--‹-——-
426 2470 485 2473 »--
499 2470 586 2473 ——-
603 2469 737 2472 j—.-.
755 2469 794 2471 Π-

537 2540 554 2558 a
587 2535 764 2575 Cassius
786 2534 871 2573 had
899 2535 1083 2572 mari-icti
1110 2532 1310 2571 brutus-'s
1329 2532 1469 2571 slster.
