1868 3040
874 181 1126 228 CICERO

258 314 445 367 videar,
470 329 566 358 non
591 327 783 370 rogare.
852 309 951 355 Sed
976 316 1148 355 tamen
1172 324 1285 354 cum
1310 308 1494 354 Caesar
1514 308 1739 358 Sullanas

258 381 572 427 venditiones
619 385 671 423 et⁴
717 379 1080 438 assignationes
1125 381 1260 421 ratas
1306 391 1414 421 esse
1460 375 1598 431 velit,
1641 394 1740 439 quo

259 448 499 494 firmiores
523 448 876 492 existimentur
899 459 1038 496 snae,
1062 445 1101 488 si
1127 458 1186 487 ea
1209 442 1417 503 praedia
1438 442 1741 500 dividentur,

258 532 388 577 quae
435 517 540 575 ipse
588 513 773 557 Cacsar
819 510 1062 563 vendidit,
1108 525 1238 570 qnae
1285 509 1495 555 tandem
1540 513 1589 555 in
1636 514 1742 557 eius

259 580 628 628 venditionibus
649 595 756 624 esse
777 580 963 638 poterit
983 579 1255 621 auctoritas
1278 576 1295 621 ?
1363 576 1462 622 Sed
1482 575 1573 622 lloc
1593 577 1739 639 quale

209 657 233 695 3
258 653 339 703 sit,
364 656 419 693 tu
444 664 533 708 pro
557 653 645 692 tua
669 645 939 706 prudentia
962 643 1314 689 considerabis.
1384 643 1492 705 Ego
1517 650 1568 689 te
1593 644 1740 705 plane

258 733 396 778 rogo,
427 721 582 776 atque
612 716 700 767 ita,
733 719 788 757 ut
819 714 1005 756 maiore
1035 710 1220 764 studio,
1249 713 1453 755 iustiore
1484 710 1547 756 de
1577 728 1742 766 causa,

260 785 418 843 magis
439 798 499 826 ex
520 783 686 825 animo
705 794 880 840 rogare
901 776 1019 822 nihil
1038 780 1240 838 possim,
1260 783 1316 822 ut
1333 776 1535 823 Albinio
1552 794 1742 838 parcas,

258 849 463 911 praedia
492 847 773 892 Laberiana
800 861 861 890 ne
889 847 1126 905 attingas.
1198 842 1390 906 Magna
1415 860 1496 889 me
1523 843 1743 891 affeceris

259 933 358 962 non
398 915 546 961 modo
585 913 798 966 laetitia,
836 911 926 957 sed
967 914 1120 957 etiam
1161 910 1533 972 quodammodo
1569 911 1743 974 gloria,

259 987 298 1029 si
336 982 388 1029 P.
426 981 617 1028 Sestius
652 979 840 1025 homini
875 981 1094 1023 maxime
1131 980 1411 1022 necessario
1444 977 1746 1025 satisfecerit

258 1067 349 1112 per
382 1066 481 1104 me,
516 1055 573 1094 ut
607 1064 702 1110 ego
735 1046 802 1092 illi
838 1048 921 1091 uni
955 1044 1224 1106 plurimum
1259 1044 1437 1090 debeo.
1506 1044 1656 1102 Quod
1688 1053 1745 1092 ut

259 1116 430 1171 facias,
483 1122 537 1162 te
592 1113 922 1159 vehementer
977 1115 1129 1157 etiam
1187 1117 1341 1173 atque
1399 1114 1552 1156 ctiam
1606 1129 1742 1175 rogo.

263 1184 429 1237 Maius
459 1180 578 1227 mihi
608 1181 727 1227 dare
757 1179 1058 1225 beneficium
1087 1177 1277 1224 nullum
1306 1184 1467 1240 potes.
1537 1178 1598 1225 Id
1624 1180 1744 1228 mihi

257 1250 524 1314 intelleges
549 1265 656 1295 esse
680 1250 1036 1311 gratissimum.

969 1483 1043 1529 IX

620 1640 673 1671 M.
711 1639 755 1669 T.
793 1640 832 1669 C.
870 1638 906 1669 S.
946 1638 987 1667 P.
1028 1638 1072 1667 D.
1110 1636 1393 1667 CRASSIPEDI

637 1762 687 1802 In
710 1761 875 1806 Cilicia,
898 1759 954 1800 ad
976 1760 1106 1799 linem
1130 1772 1260 1799 Α.υ,(“.
1284 1761 1378 1798 703.

217 1901 235 1940 1
328 1891 648 1951 Quamquam
691 1888 780 1933 tibi
825 1902 1062 1947 praesens
1104 1885 1469 1939 commendavi,
1511 1892 1569 1931 ut
1607 1889 1748 1947 potui

265 1957 664 2019 diligentissime,
685 1957 841 2000 socios
864 1952 1150 2015 Bithyniae,
1172 1959 1328 2014 teque
1349 1968 1462 1997 cum
1484 1968 1597 1998 mea
1619 1969 1749 1999 com—

329 2101 346 2117 ‘1
378 2094 461 2139 i.e.‚
500 2092 612 2132 sales
649 2090 736 2131 and
775 2090 1027 2130 allotnients
1064 2089 1115 2129 of
1149 2092 1359 2140 property
1395 2088 1660 2128 confiscaied
1706 2091 1747 2128 in

269 2149 513 2187 connexion
544 2146 646 2186 with
678 2146 992 2196 proscriptions
1023 2144 1073 2182 of
1101 2142 1239 2182 Sulla.
1314 2142 1358 2181 If
1383 2146 1460 2182 not
1490 2142 1748 2188 “ratiiied,'’

269 2201 468 2242 L'aesar's
494 2200 587 2240 title
614 2204 659 2240 to
688 2200 754 2239 his
782 2212 879 2238 own
908 2202 1066 2238 estates
1096 2196 1239 2236 would
1268 2196 1322 2236 be
1350 2195 1633 2243 invalidated,
1660 2197 1747 2237 and

271 2257 323 2296 he
346 2254 490 2294 would
512 2254 623 2294 have
644 2267 700 2293 no
722 2266 868 2304 power
889 2256 933 2292 to
955 2251 1031 2291 sell
1052 2251 1186 2291 them.

330 2309 345 2333 ⁶
375 2309 467 2348 The
491 2307 651 2348 second
676 2306 880 2346 husband
904 2307 954 2345 of
972 2305 1130 2351 Tullia,
1154 2304 1299 2344 whom
1323 2303 1378 2344 he
1400 2302 1589 2343 married
1615 2305 1657 2343 in
1678 2307 1747 2351 56,

270 2362 358 2403 and
381 2361 585 2402 divorced
609 2361 745 2400 about
768 2364 836 2400 53.

330 2423 357 2456 ⁶.
374 2416 466 2456 The
490 2417 740 2466 companies
762 2413 1016 2464 (societates)
1036 2413 1086 2452 of
1105 2411 1333 2463 publicani
1357 2409 1605 2450 undertook
1625 2410 1747 2451 State

270 2474 489 2511 conti-acts
521 2471 588 2509 for
621 2467 762 2515 rond&
798 2467 1035 2518 buildings,
1069 2470 1166 2510 etc..
1202 2465 1281 2504 but
1311 2464 1545 2516 especially
1578 2465 1645 2513 for
1676 2465 1748 2506 the

269 2524 497 2564 collection
536 2524 585 2563 of
622 2527 755 2562 taxes.
822 2521 944 2561 Each
981 2520 1159 2561 societas
1195 2518 1420 2572 generally
1455 2518 1658 2559 conlined
1693 2520 1747 2560 its

273 2587 342 2642 36v
