1837 3029
851 183 1104 231 CICERO
1416 182 1421 214 ἕ

231 317 554 381 dignitasque
595 318 837 378 patietur,
879 322 936 361 ut
972 314 1434 377 quamplurimum
1472 319 1717 378 pecuniae

234 383 410 431 Pinnio
433 384 654 430 solvatur
679 381 1032 428 Nicaeensium
1056 385 1273 428 nomine.
1667 411 1669 413 ·

902 534 1046 581 LXII

559 660 613 692 M.
649 660 694 692 T.
730 660 771 691 C.
808 659 846 690 S.
885 660 930 690 D.
969 659 1011 690 P.
1048 659 1173 689 SILIO
1208 659 1387 692 PROPR.

720 741 771 782 In
794 741 960 787 Cilicia,
982 754 1113 781 Α.υ.(·.
1137 743 1232 780 7023.

292 839 360 887 Et
406 841 458 885 in
505 838 628 885 Atili
677 841 882 900 negotio
929 844 983 883 te
1031 840 1192 882 amavi
1241 838 1376 898 (cum
1425 840 1557 885 enim
1603 855 1715 887 sero

227 911 493 961 venissem,
516 914 690 952 tamen
714 904 982 951 honestum
1007 907 1232 965 equitem
1257 904 1540 954 Romanum
1562 906 1715 954 bene-

229 976 338 1021 ficio
382 982 470 1020 tuo
513 972 842 1033 conservavi),
885 978 937 1017 et
981 965 1267 1017 mehercule
1311 987 1512 1033 semper
1539 968 1622 1019 *sic
1663 977 1714 1020 in

228 1046 393 1088 animo
430 1041 602 1095 habui,
636 1047 689 1086 te
726 1043 776 1105 in
813 1053 927 1085 meo
962 1054 1080 1084 aere
1119 1054 1227 1084 esse
1263 1045 1471 1099 propter
1507 1038 1713 1088 Lamiae

228 1112 382 1155 nostri
414 1110 818 1153 coniunctionem
851 1113 903 1151 et
935 1104 1239 1167 singularem
1272 1107 1710 1154 necessitudinem.

229 1177 410 1238 Itaque
460 1178 675 1236 primum
725 1174 815 1219 tibi
867 1189 961 1234 ago
1009 1175 1216 1234 gratias,
1265 1172 1400 1234 quod
1448 1189 1529 1219 me
1578 1179 1712 1221 omni

226 1243 456 1289 molestia
477 1242 658 1287 liberas
683 1256 693 1295 ;
733 1240 920 1285 deinde
939 1239 1255 1301 impudentia
1276 1255 1551 1301 prosequor
1573 1256 1584 1294 ;
1624 1243 1712 1288 sed

224 1311 360 1356 idem
386 1312 610 1354 sarciam.
670 1307 741 1352 Te
770 1310 903 1352 enim
930 1322 1130 1367 semper
1155 1309 1223 1351 sic
1248 1305 1408 1351 colam
1436 1314 1489 1352 et
1514 1308 1713 1364 tuebor,

227 1385 283 1423 ut
309 1392 459 1438 quem
485 1375 882 1437 diligentissime.
954 1373 1203 1431 Quintum
1226 1371 1648 1429 fratremmeum,
1673 1379 1711 1421 si

225 1460 306 1490 me
335 1443 516 1505 diligis,
547 1458 606 1487 eo
635 1457 844 1486 numero
873 1456 991 1485 cura
1021 1447 1077 1486 ut
1106 1439 1312 1493 habeas,
1342 1456 1441 1501 quo
1469 1456 1566 1487 me.
1632 1442 1712 1489 Ita

223 1527 464 1574 magnum
490 1508 790 1555 beneficium
815 1515 959 1553 tuum
983 1523 1168 1569 magno
1193 1506 1391 1552 cumulo
1416 1511 1629 1555 auxeris,

1517 1596 1519 1599 '
1586 1597 1588 1606 ²
1633 1594 1639 1624 l

881 1660 1056 1707 LXIII

512 1775 567 1808 Μ.
603 1775 647 1807 Τ.
685 1776 724 1806 e.
761 1775 799 1806 s.
836 1761 880 1806 ἰ».
919 1775 964 1805 D.
1003 1774 1046 1805 P.
1083 1773 1207 1804 Slmo
1243 1773 1421 1806 PROPR.

704 1856 962 1903 Laodiceae,
983 1869 1116 1896 A.U.C.
1138 1858 1234 1896 704.

177 1966 196 2005 1
287 1956 400 2003 Non
420 1958 593 2018 putavi
614 1954 719 2000 fieri
738 1969 903 2016 posse,
923 1959 980 1999 ut
998 1950 1119 1998 mihi
1139 1951 1292 1997 verba
1312 1951 1550 1998 deessent
1572 1967 1584 2007 ;
1619 1953 1709 2001 sed

225 2032 398 2073 tamen
429 2027 480 2069 in
516 2021 588 2069 M.
619 2021 808 2067 Laenio
832 2019 1234 2066 commendando
1259 2019 1458 2065 desunt.
1526 2019 1708 2084 Itaque

283 2128 301 2146 ‘¹
334 2119 538 2172 Readlng
557 2132 687 2171 quarm
705 2118 954 2170 plurimum
976 2116 1185 2168 pecuniae
1205 2115 1309 2156 with
1338 2115 1451 2156 MH.
1510 2116 1708 2161 Another

226 2175 410 2227 reading
440 2176 474 2214 is
503 2188 632 2226 qnam
658 2173 855 2224 primum
879 2171 1068 2223 pecunia
1100 2170 1138 2209 D
1167 2168 1255 2208 and
1285 2167 1543 2217 Cratander,
1572 2169 1707 2213 “that

226 2231 298 2271 the
335 2242 494 2280 money
527 2226 685 2267 should
720 2226 775 2265 be
808 2224 912 2277 paid
945 2229 991 2265 at
1023 2225 1097 2264 the
1130 2223 1303 2264 earliest
1335 2222 1526 2275 possible
1557 2222 1707 2272 date,‘’

226 2283 368 2325 which
390 2284 424 2323 is
445 2282 581 2322 borne
602 2285 679 2321 out
700 2280 760 2331 by
782 2280 828 2319 in
844 2279 1006 2330 primis
1026 2278 1179 2318 above.
1682 2301 1683 2304 =

287 2339 302 2362 ‘¹
332 2337 376 2377 -It
405 2339 440 2376 is
472 2341 547 2375 not
578 2334 742 2375 known
774 2333 891 2372 what
922 2333 1009 2372 this
1041 2345 1158 2377 was;
1202 2332 1234 2371 it
1265 2342 1354 2370 was
1383 2329 1603 2382 probably
1631 2331 1708 2373 the

225 2404 430 2442 recovery
451 2391 501 2430 of
515 2402 637 2429 some
659 2389 800 2438 heavy
820 2386 939 2427 debt.
1680 2437 1683 2440 ι

285 2453 297 2470 ⁶
331 2447 414 2491 i.e.,
444 2444 469 2460 ‘⁶
489 2442 672 2494 entirely
702 2447 747 2482 at
776 2455 851 2492 my
879 2438 1120 2502 disposal,''
1152 2438 1212 2478 lit.
1244 2438 1273 2501 ,⁶⁶
1293 2441 1391 2489 part
1422 2437 1473 2476 of
1502 2450 1704 2501 mynown

224 2497 614 2603 Prffpfli'ssssffj’patch
636 2552 666 2589 it
690 2562 748 2601 up
771 2495 805 2565 ’ζ’
839 2494 923 2534 For
947 2494 1101 2534 Lamia
1122 2506 1192 2574 see
1214 2493 1407 2586 {ja-elil?
1428 2490 1610 2587 {ng-xii.
1633 2493 1701 2535 29.

233 2626 325 2665 144
