1837 3029
176 663 192 700 l

174 1355 197 1393 Μ

837 149 1090 197 CICERO

922 318 1002 364 III

623 451 677 482 M.
713 451 758 482 T.
795 452 835 482 C.
872 452 909 482 S.
947 452 994 482 D.
1032 452 1086 482 M.
1123 451 1299 483 CATONI

556 552 605 592 In
628 555 780 593 castris
802 552 857 592 ad
884 553 1097 600 Iconium,
1121 567 1250 594 A.u.c.
1274 557 1370 594 703.

285 657 410 702 Cum
467 656 530 704 ad
585 674 666 703 me
722 657 896 721 legati,
951 661 1085 704 missi
1141 659 1205 705 ab
1261 657 1512 704 Antiocho
1560 658 1702 704 Com-

221 751 454 795 mageno,
475 737 731 781 venissent
752 738 801 780 in
823 742 988 781 castra
1010 735 1075 782 ad
1097 735 1323 782 Iconium
1346 752 1389 781 a.
1414 735 1461 781 d.
1488 751 1562 780 111.
1593 733 1702 780 Kal.

220 810 525 871 Scptembr„
553 814 689 874 iique
721 811 841 857 mihi
873 815 1210 867 nuntiassent,
1240 814 1373 875 regis
1404 810 1704 858 Parthorum

222 886 394 942 filiuni,
421 904 635 950 quocum
665 895 800 935 esset
826 895 987 950 nupta
1012 892 1145 952 regis
1173 889 1525 936 Armeniorum
1553 905 1706 942 soror,

222 964 285 1010 ad
310 963 607 1026 Euphraten
630 982 744 1011 cum
768 968 998 1012 maximis
1024 965 1324 1012 Parthorum
1348 968 1501 1028 copiis
1526 964 1707 1011 multa-

221 1057 433 1103 rumque
478 1048 745 1104 praeterea
789 1045 1019 1106 gentium
1065 1059 1251 1106 magna
1295 1059 1447 1088 manu
1496 1045 1707 1097 venisse,

222 1117 621 1181 Euphratenque
653 1121 752 1164 iam
786 1123 999 1166 transire
1031 1123 1274 1182 coepisse,
1306 1119 1504 1182 dicique
1533 1120 1708 1165 Arme-

222 1197 358 1241 nium
383 1211 557 1259 regem
577 1199 626 1241 in
647 1196 1015 1258 Cappadociam
1036 1200 1283 1259 impetum
1311 1213 1419 1243 esse
1439 1195 1709 1251 facturum,

222 1275 413 1333 putavi,
442 1289 532 1334 pro
561 1279 734 1319 nostra
762 1274 1152 1329 necessitudine,
1182 1290 1263 1320 me
1294 1272 1388 1320 hoc
1418 1273 1483 1320 ad
1511 1279 1565 1319 te
1595 1275 1709 1319 scri-

225 1351 342 1395 bere
383 1356 634 1412 oportere.
711 1350 915 1396 Publice
958 1358 1166 1413 propter
1206 1351 1331 1397 duas
1372 1366 1547 1397 causas
1589 1348 1709 1396 nihil

223 1428 393 1489 scripsi
416 1441 428 1482 ;
465 1427 600 1489 quod
621 1433 674 1473 et
693 1430 855 1489 ipsum
877 1427 1277 1491 Commagenum
1295 1426 1453 1491 legati
1471 1427 1710 1473 dicebant

224 1503 287 1549 ad
327 1510 561 1550 senatum
603 1507 776 1550 statim
819 1507 1021 1551 nuntios
1063 1504 1362 1567 litterasque
1404 1506 1614 1559 misisse,
1656 1509 1709 1549 et

223 1581 594 1636 existimabam,
628 1580 700 1626 M.
734 1580 969 1627 Bibulum
1000 1581 1366 1643 proconsulem,
1397 1583 1483 1644 qui
1513 1582 1710 1627 circiter

226 1656 343 1703 Idus
367 1655 583 1703 Sextiles
609 1658 672 1704 ab
698 1656 900 1720 Epheso
924 1661 974 1704 in
1000 1657 1195 1721 Syriam
1220 1658 1430 1704 navibus
1453 1655 1708 1719 profectus

224 1740 351 1788 erat,
376 1734 511 1796 quod
537 1735 781 1781 secundos
808 1742 985 1781 ventos
1010 1733 1288 1790 habuisset,
1312 1737 1411 1780 iam
1437 1737 1488 1779 in
1513 1735 1709 1796 provin-

222 1812 349 1856 ciam
378 1827 521 1856 suam
550 1813 838 1872 pervenisse
862 1827 873 1866 3
920 1814 1059 1858 cuius
1087 1811 1270 1858 litteris
1300 1813 1469 1858 omnia
1495 1812 1710 1857 certiora

223 1886 474 1948 perlatum
520 1890 577 1932 iri
626 1888 689 1934 ad
735 1895 969 1934 senatum
1016 1889 1277 1950 putabam.
1362 1886 1508 1942 Mihi,
1555 1893 1613 1932 ut
1657 1889 1707 1931 in

224 1962 505 2009 huiusmodi
536 1980 588 2010 re
615 1970 862 2027 tantoque
887 1964 1037 2020 bello,
1060 1967 1312 2010 maximae
1338 1980 1486 2010 curae
1513 1969 1608 2018 est,
1634 1969 1708 2018 ut,

223 2056 353 2102 quae
385 2043 538 2103 copiis
570 2047 623 2086 et
653 2042 831 2103 opibus
862 2048 1039 2088 tenere
1072 2044 1152 2087 vix
1184 2044 1448 2104 possimus,
1479 2056 1540 2086 ea
1570 2056 1708 2085 man-

222 2117 491 2163 suetudine
526 2124 579 2164 et
612 2120 926 2164 continentia
959 2125 1147 2174 nostra,
1181 2121 1425 2165 sociorum
1461 2115 1708 2164 fidelitate

223 2201 503 2241 teneamus.
581 2194 656 2240 Tu
703 2194 869 2252 velim,
915 2202 974 2242 ut
1018 2198 1289 2250 consuesti,
1335 2211 1424 2242 nos
1470 2195 1708 2241 absentes

222 2270 400 2334 diligas
425 2278 478 2318 et
500 2270 761 2318 defendas,

227 2443 261 2483 R
285 2395 303 2413 ⁰
333 2389 444 2430 Cato
469 2389 555 2430 had
581 2390 786 2431 returned
810 2391 926 2432 from
951 2390 1126 2444 Cyprus
1150 2392 1194 2431 in
1219 2394 1290 2438 56,
1314 2389 1402 2430 and
1428 2402 1517 2430 was
1541 2402 1639 2430 now
1660 2389 1705 2428 in

268 2457 379 2484 ome.

231 2559 324 2600 244
