1837 3029
859 188 1110 235 CICERO

238 317 464 379 sophiam
492 319 556 363 ad
583 325 632 363 te
663 318 894 377 allegem,
921 335 1020 379 qua
1047 334 1138 363 nec
1166 317 1283 363 mihi
1311 321 1468 363 carior
1493 316 1592 363 ulla
1618 334 1723 363 um-

240 411 389 454 quam
423 411 500 439 res
532 397 579 439 in
613 398 712 439 vita
747 394 859 448 fuit,
891 411 982 440 nec
1013 393 1269 440 hominum
1301 397 1473 454 generi
1505 396 1664 440 maius
1694 411 1724 440 a

240 471 314 517 dis
342 489 520 516 munus
547 471 701 517 ullum
730 478 807 517 est
833 472 1024 518 datum.
1086 471 1227 517 Haec
1252 474 1421 534 igitur,
1447 487 1577 533 quae
1601 469 1721 516 mihi

240 555 407 594 tecum
428 552 704 595 communis
724 555 819 603 est,
838 552 1050 594 societas
1068 549 1346 595 studiorum
1366 554 1520 610 atque
1541 550 1721 593 artium

238 632 539 680 nostrarum,
571 626 750 688 quibus
783 642 811 670 a
841 628 1059 687 pueritia
1089 625 1247 672 dediti
1280 642 1336 671 ae
1366 625 1604 680 devincti,
1633 623 1722 671 soli

237 702 602 764 propemodum
633 720 721 749 nos
751 701 1116 765 philosophiam
1146 701 1280 748 illam
1312 719 1480 748 veram
1512 708 1566 748 et
1595 704 1722 748 anti-

237 796 407 841 quam,
438 796 568 841 quae
598 780 897 842 quibusdam
928 783 999 826 oti
1030 796 1138 826 esse
1169 796 1225 826 ac
1254 779 1477 826 desidiae
1506 778 1721 833 videtur,

236 859 285 901 in
309 855 469 902 forum
496 864 651 919 atque
673 860 723 902 in
745 856 1104 919 rempublicam
1131 864 1285 919 atque
1308 860 1358 902 in
1380 859 1537 918 ipsam
1563 859 1720 902 aciem

236 949 399 995 paene
443 934 762 989 deduximus,
806 941 972 980 tecum
1020 937 1127 997 agit
1169 934 1232 981 de
1277 950 1391 980 mea
1434 932 1601 988 laude,
1641 935 1718 979 cui

236 1013 409 1073 negari
435 1028 463 1056 a
488 1010 681 1058 Catone
706 1010 781 1057 fas
807 1028 914 1057 esse
942 1029 1039 1057 non
1064 1018 1203 1073 puto.
1263 1010 1603 1068 Quamobrem
1627 1010 1718 1056 tibi

237 1090 304 1133 sie
333 1089 638 1149 persuadeas
676 1088 841 1144 velim,
871 1092 909 1134 si
940 1087 1059 1134 mihi
1091 1096 1177 1134 tua
1211 1091 1464 1134 sententia
1501 1087 1719 1133 tributu-⁴

235 1162 391 1211 honos
424 1182 485 1211 ex
518 1169 642 1212 meis
672 1165 854 1212 litteris
885 1164 1055 1220 fuerit,
1087 1182 1166 1211 ine
1199 1168 1267 1211 sic
1298 1167 1720 1220 existimaturum,

233 1256 347 1288 cum
397 1246 700 1288 auctoritate
743 1250 848 1297 tua,
896 1250 1003 1289 tum
1054 1241 1406 1288 benevolentia
1455 1258 1576 1305 erga
1620 1258 1720 1297 me,

234 1317 354 1364 mihi
379 1320 514 1382 quod
538 1323 757 1366 maxime
781 1323 1021 1382 cupierim
1047 1323 1331 1383 contigisse.
1401 1318 1540 1366 Vale.

957 1507 1000 1554 V

554 1631 609 1663 M.
646 1632 766 1663 CATO
801 1633 837 1663 S.
876 1633 919 1663 P.
958 1633 1003 1663 D.
1042 1633 1095 1663 M.
1132 1633 1176 1664 T.
1214 1633 1254 1664 C.
1293 1632 1399 1664 IMP.

751 1725 934 1771 Romae.
956 1740 1087 1766 A.u.c.
1112 1728 1207 1766 704.

296 1819 443 1876 Quod
471 1827 520 1865 ct
547 1820 825 1882 respublica
851 1837 931 1866 me
958 1830 1010 1867 ct
1034 1828 1203 1867 nostra
1230 1824 1447 1867 amicitia
1472 1820 1718 1868 hortatur.

232 1894 448 1941 libenter
483 1895 627 1951 facio,
663 1904 717 1942 ut
754 1904 893 1942 tuam
930 1900 1187 1952 virtutem,
1221 1900 1578 1953 innocentiam,
1613 1898 1717 1945 dili-

230 1976 475 2034 gentiam,
516 1976 769 2036 cognitam
812 1977 861 2019 in
902 1977 1132 2020 maximis
1173 1974 1322 2020 rebus
1363 1974 1496 2021 domi
1539 1978 1718 2037 togati,

231 2053 409 2095 armati
459 2048 575 2095 foris
622 2053 728 2111 pari
775 2051 1021 2096 industria
1067 2051 1402 2097 administrari
1448 2051 1715 2114 gaudeam.

233 2125 432 2186 Itaque.
464 2127 597 2187 quod
630 2143 718 2187 pro
750 2143 862 2172 meo
894 2128 1075 2172 iudicio
1107 2126 1272 2173 facere
1304 2130 1463 2189 potui,
1494 2135 1550 2173 ut
1580 2131 1716 2173 inno-

231 2206 395 2247 centia
415 2203 719 2266 consilioque
738 2211 826 2250 tuo
845 2203 1105 2250 defensam
1124 2207 1446 2266 provinciam,
1462 2212 1714 2250 servatum

291 2335 310 2354 ⁰
340 2330 444 2370 This
468 2330 592 2372 letter
615 2333 649 2372 is
672 2345 728 2371 an
752 2345 873 2372 answ
876 2346 921 2372 er
943 2337 988 2372 to
1010 2332 1084 2372 the
1107 2331 1203 2373 last.
1257 2332 1367 2373 Cato
1391 2331 1518 2372 voted
1542 2333 1716 2384 against

233 2383 306 2423 the
332 2387 497 2425 motion
523 2387 591 2425 for
615 2399 641 2425 a
668 2387 936 2438 supplicatio
966 2388 1008 2426 in
1039 2386 1208 2427 Cicero'
1212 2400 1231 2426 s
1256 2386 1441 2434 honour,
1466 2386 1636 2438 though
1662 2385 1715 2426 he

233 2439 448 2488 proposed
476 2453 501 2479 a
527 2439 895 2492 complinientarv
920 2445 1033 2486 vote,
1059 2440 1146 2480 and
1174 2440 1276 2479 here
1299 2442 1421 2491 gives
1447 2440 1513 2480 his
1538 2453 1715 2480 reasons

232 2492 300 2531 for
320 2492 457 2541 doing
478 2506 539 2533 so.
603 2494 688 2534 For
708 2494 792 2534 this
815 2494 902 2534 and
924 2494 996 2534 the
1014 2499 1070 2533 tw
1076 2508 1101 2535 o
1122 2493 1282 2535 follow’
1260 2508 1348 2546 ing
1377 2493 1522 2534 letters
1549 2507 1620 2534 see
1641 2493 1712 2533 the

235 2544 548 2598 Introductory
574 2547 690 2588 Note
712 2552 757 2588 to
779 2547 862 2587 this
888 2547 1027 2589 Book.

237 2608 332 2655 264
