1868 3040
889 214 1140 260 CICERO

268 346 461 406 optime
496 346 762 396 novissem,
800 359 896 387 non
934 341 1178 395 dubitavi,
1215 345 1335 404 quin
1371 343 1462 388 tibi
1499 346 1753 390 notissima

271 417 326 458 et
355 414 464 457 iura
493 416 548 455 et
577 412 757 455 merita
789 407 1086 469 populorum
1119 415 1303 455 essent.
1370 409 1552 472 Itaque
1582 427 1696 456 cum
1728 428 1755 456 a

271 493 353 524 me
391 483 595 539 peteret
634 475 892 536 Philippus
932 474 1380 531 LacedaemoniuS,
1419 483 1477 522 ut
1514 477 1606 523 tibi
1644 480 1757 523 civi-

270 550 434 591 tatem
456 543 882 596 commendarem,
906 545 999 588 etsi
1024 545 1371 596 memineram,
1394 559 1475 589 me
1499 546 1546 589 ei
1566 546 1756 590 civitati

271 614 439 658 omnia
458 611 664 664 debere,
682 616 855 655 tamen
875 609 1127 670 respondi,
1145 609 1584 656 commendatione
1605 609 1758 657 Lace-

225 679 561 724 2daemonios
606 676 741 737 apud
785 683 838 722 te
882 692 982 721 non
1027 692 1193 738 egere.
1274 676 1455 738 Itaque
1499 679 1568 723 sic
1611 677 1756 724 velim

225 2127 245 2166 1

270 747 546 798 existimes,
574 760 656 789 me
684 758 858 789 omnes
886 741 1109 788 Achaiae
1137 745 1367 788 civitates
1397 744 1643 799 arbitrari,
1669 761 1759 807 pro

271 811 448 857 horum
477 818 764 871 temporum
793 810 1193 871 perturbatione,
1221 808 1409 865 felices,
1437 810 1573 872 quod
1600 809 1674 857 his
1702 818 1756 858 tu

272 881 460 940 praesis
484 892 495 932 ;
538 877 877 938 eumdemque
901 892 983 921 me
1000 879 1073 921 ita
1090 876 1374 931 iudicasse,l
1392 883 1463 932 te,
1481 877 1617 939 quod
1633 894 1759 924 unus

271 948 463 1006 optime
492 960 662 989 nosses
692 960 791 988 non
821 950 993 989 nostra
1019 943 1197 997 solum,
1226 943 1316 990 sed
1336 946 1490 989 etiam
1516 944 1759 991 Graeciae

271 1018 601 1057 monumenta
616 1013 801 1064 onmia,
815 1017 904 1056 tua
918 1017 1100 1071 sponte
1116 1013 1332 1055 amicum
1348 1009 1760 1058 Lacedaemoniis

272 1085 325 1125 et
353 1095 462 1124 esse
489 1085 543 1123 et
568 1077 690 1123 fore.
753 1077 922 1134 Quare
949 1083 1150 1122 tantum
1179 1094 1208 1122 a
1233 1084 1286 1123 te
1312 1084 1452 1138 peto,
1472 1085 1547 1133 ut,
1565 1095 1679 1124 cum
1701 1096 1760 1125 ea

272 1144 425 1191 facies
460 1144 974 1190 Lacedaemoniorum
1007 1160 1174 1198 causa,
1209 1160 1339 1205 quae
1371 1151 1462 1190 tua
1487 1144 1628 1199 fides,
1657 1162 1759 1191 am-

271 1212 485 1273 plitudo,
532 1214 726 1257 iustitia
773 1210 1068 1272 postulabit,
1116 1210 1213 1265 iiS,2
1262 1214 1300 1256 si
1350 1211 1440 1257 tibi
1492 1212 1760 1268 videbitur,

270 1278 537 1341 significes,
570 1285 623 1324 tc
657 1294 755 1323 non
789 1277 1001 1323 moleste
1034 1276 1183 1332 ferre,
1217 1277 1352 1339 quod
1383 1278 1650 1341 intellegas
1683 1296 1760 1334 ea,

271 1362 402 1407 quae
430 1344 600 1399 facias,
629 1343 749 1389 mihi
777 1361 979 1406 quoque
1006 1351 1154 1405 grata
1182 1360 1305 1390 esse.
1369 1343 1599 1392 Pertinet
1627 1349 1757 1392 enim

272 1412 335 1458 ad
357 1412 570 1458 officium
592 1428 780 1465 meum,
802 1428 886 1457 eos
909 1414 1215 1466 existimare,
1236 1427 1385 1457 curae
1406 1411 1526 1457 mihi
1548 1429 1661 1461 suas
1681 1430 1758 1460 res

271 1495 396 1526 esse.
466 1478 576 1525 Hoc
600 1485 653 1525 te
679 1477 1009 1524 vehementer
1033 1481 1188 1524 etiam
1213 1485 1368 1541 atque
1393 1481 1549 1525 etiarn
1571 1496 1708 1543 rogo.

681 1911 734 1943 M.
771 1912 815 1943 Τ.
853 1913 893 1942 C.
930 1913 967 1942 S.
1006 1913 1051 1942 D.
1088 1911 1128 1942 L.
1169 1912 1352 1943 PLANCO

790 2014 972 2060 Romae,
995 2028 1126 2053 A.U.c.
1151 2016 1245 2053 708.

337 2120 448 2166 Non
483 2120 677 2174 dubito,
712 2123 831 2181 quin
864 2122 1006 2174 scias,
1039 2121 1090 2164 in
1122 2122 1179 2165 iis
1214 2122 1521 2170 necessariis,
1556 2123 1638 2181 qui
1667 2120 1754 2165 tibi

270 2204 300 2233 a
321 2194 465 2249 patre
489 2187 647 2233 relicti
670 2193 805 2242 sunt,
827 2203 908 2233 me
933 2187 1023 2232 tibi
1048 2203 1155 2232 esse
1181 2185 1258 2232 vel
1280 2189 1757 2242 coniunctissimum,

516 2293 529 2317 ¹
570 2293 815 2343 ll'esenberq
835 2310 844 2333 ε
869 2292 1061 2332 indicare
1084 2292 1225 2332 Nobbe
1245 2293 1336 2332 and
1357 2304 1456 2332 MSS.

383 2346 398 2370 ²
429 2347 684 2399 postulabit,
707 2349 758 2387 iis
789 2347 1059 2397 ll'esenberyz
1091 2346 1284 2398 postulat
1306 2351 1355 2386 ut
1375 2346 1442 2386 his
1463 2346 1619 2387 Nobbe.

326 2500 344 2518 ⁰
376 2493 564 2534 Plancus
590 2494 677 2544 (for
705 2494 849 2534 whom
879 2507 949 2534 sec
977 2498 1077 2533 note
1099 2508 1123 2532 (ι
1146 2508 1200 2533 on
1223 2508 1262 2534 x.
1291 2493 1329 2544 l)
1351 2506 1440 2534 was
1460 2506 1559 2534 now
1577 2495 1753 2546 serving

270 2548 374 2589 with
396 2548 558 2589 Caesar
579 2550 622 2588 in
647 2549 811 2589 Africa.

275 2620 336 2660 88
