1837 3029
839 179 1090 227 CICERO

944 307 988 354 V

378 454 434 486 Μ.
468 454 514 485 Τ.
551 455 592 485 C.
627 454 666 484 S.
703 454 746 484 P.
784 454 830 484 D.
865 452 1147 483 TERENTIAE
1181 452 1241 483 ET
1273 451 1411 485 TULL.
1445 452 1550 484 suls

734 555 934 603 Atheni&
959 569 1087 596 A.u.c.
1111 558 1206 596 704.

180 681 198 720 1
289 672 339 719 Si
379 678 434 719 tu
476 679 529 719 et
567 671 747 727 Tullia,
786 671 870 718 lux
912 679 1100 726 nostra,
1140 670 1334 727 valetiS,
1373 688 1470 736 ego
1509 677 1561 718 et
1598 686 1710 716 sua-

227 743 453 787 vissimus
506 739 680 786 Cicero
739 739 977 785 valemus.
1073 738 1238 786 Pridie
1292 739 1410 785 Idus
1461 738 1709 785 Octobres

226 806 456 854 Athenas
483 809 728 862 venimus,
753 823 866 852 cum
894 823 1015 852 sane
1042 806 1263 852 adversis
1290 809 1452 853 ventis
1479 808 1553 851 usi
1579 820 1708 851 esse-

226 890 336 921 mus
354 874 602 936 tardeque
623 880 676 919 et
692 873 1007 920 incommode
1025 876 1417 936 navigassemus.
1485 872 1564 918 De
1581 887 1708 918 nave

226 941 531 988 exeuntibus
570 941 711 987 nobis
749 941 966 987 Acastus
1003 957 1115 986 cum
1155 940 1338 987 litteris
1374 946 1578 1001 praesto
1612 937 1710 984 fuit

227 1025 326 1054 uno
375 1014 429 1054 et
476 1011 710 1053 vicesimo
757 1007 857 1062 die,
904 1023 1024 1053 sane
1072 1014 1294 1054 strenue.
1362 1008 1550 1068 Accepi
1595 1012 1709 1051 tuas

226 1073 440 1130 litteras,
464 1075 645 1138 quibus
668 1073 896 1120 intellexi
920 1081 973 1120 te
999 1077 1177 1129 vereri,
1200 1090 1262 1120 ne
1286 1076 1567 1135 superiores
1589 1070 1708 1118 mihi

226 1141 458 1188 redditae
509 1158 608 1188 non
660 1148 845 1188 essent.
913 1141 1104 1188 Omnes
1155 1148 1274 1187 sunt
1324 1141 1554 1187 redditae
1603 1137 1709 1185 dili-

227 1211 627 1271 gentissimeque
650 1225 678 1254 a
700 1215 752 1254 te
775 1211 1053 1271 perscripta
1074 1215 1193 1254 sunt
1213 1210 1398 1263 onmia,
1420 1208 1571 1270 idque
1590 1204 1710 1252 mihi

227 1278 567 1338 gratissimum
604 1274 715 1322 fuit.
786 1275 965 1338 Neque
1001 1292 1110 1321 sum
1146 1275 1422 1322 admiratus
1454 1273 1583 1320 hanc
1610 1275 1711 1334 epi-

226 1341 430 1397 stulam,
463 1359 614 1405 quam
651 1342 867 1388 Acastus
900 1341 1092 1397 attulit,
1126 1342 1331 1388 brevem
1369 1340 1537 1387 fuisse.
1605 1339 1712 1386 Iam

230 1412 364 1455 enim
388 1426 469 1455 me
493 1412 657 1471 ipsum
682 1416 966 1471 exspectas,
989 1412 1091 1455 sive
1116 1426 1204 1455 nos
1227 1411 1377 1471 ipsos,
1401 1411 1485 1471 qui
1508 1407 1712 1470 quidem

229 1492 382 1538 quam
407 1479 624 1538 primum
650 1476 713 1522 ad
739 1493 824 1522 vos
851 1479 1019 1522 venire
1044 1479 1271 1537 cupimus
1295 1490 1306 1530 ;
1350 1478 1463 1530 etsi,
1487 1477 1536 1520 in
1562 1490 1713 1537 quam

229 1542 592 1605 rempublicam
617 1546 894 1597 veniamus,
918 1541 1176 1606 intellego.
1243 1542 1467 1605 Cognovi
1492 1543 1626 1588 enim
1651 1557 1713 1587 ex

229 1609 502 1656 multorum
527 1612 799 1657 amicorum
824 1609 1024 1665 litteris,
1048 1626 1172 1672 quas
1196 1609 1371 1656 attulit
1394 1609 1628 1663 Acastus,
1651 1607 1714 1654 ad

230 1693 369 1723 arma
393 1693 499 1723 rem
524 1684 774 1739 spectare,
798 1683 855 1723 ut
878 1675 1018 1732 mihi,
1040 1693 1153 1723 cum
1179 1692 1381 1731 venero,
1403 1674 1714 1722 dissimulare

231 1760 331 1790 non
374 1742 541 1799 liceat,
585 1744 706 1806 quid
749 1747 981 1790 sentiam.
1049 1742 1166 1798 Sed,
1209 1744 1412 1806 quando
1453 1742 1715 1789 subeunda

231 1808 433 1856 fortuna
463 1817 558 1865 est,
586 1827 646 1856 eo
673 1813 819 1856 citius
847 1811 1077 1857 dabimus
1105 1827 1329 1873 operam,
1356 1817 1414 1856 ut
1440 1812 1715 1863 veniamus,

183 1883 207 1922 2
232 1894 331 1939 quo
355 1875 547 1923 facilius
572 1877 635 1923 de
660 1884 771 1923 tota
794 1893 847 1923 re
871 1876 1224 1924 deliberemus.
1291 1877 1366 1923 Tu
1391 1876 1558 1932 velim,
1581 1875 1715 1938 quod

230 1944 494 1991 commodo
545 1943 846 1990 valetudinis
897 1951 1017 1990 tuae
1070 1943 1176 1999 fiat,
1226 1961 1378 2006 quam
1428 1943 1715 2007 longissime

183 2017 208 2057 3
232 2014 438 2072 poteris,
464 2011 660 2057 obviam
689 2011 832 2057 nobis
857 2027 1111 2073 properes.
1180 2011 1260 2057 De
1286 2009 1574 2057 hereditate
1600 2009 1716 2056 Pre-

231 2081 391 2131 ciana,
429 2094 559 2140 quae
598 2079 800 2140 quidem
841 2077 960 2123 mihi
1003 2095 1187 2140 magno
1228 2077 1385 2124 dolori
1427 2084 1505 2124 est
1549 2075 1715 2139 (valde

296 2182 314 2200 ‘⁸
345 2178 383 2216 A
407 2177 524 2217 slave
548 2180 598 2218 of
616 2179 782 2225 Cicero,
807 2180 927 2219 osten
952 2178 1202 2218 mentioned
1228 2180 1270 2218 in
1295 2178 1361 2218 his
1383 2177 1528 2218 letters
1550 2181 1595 2218 to
1614 2177 1716 2218 Tiro

238 2229 326 2272 and
349 2230 566 2271 Terentia.

298 2284 313 2307 ⁶
344 2284 448 2325 This
494 2298 597 2336 may
642 2285 753 2326 have
795 2285 906 2326 been
950 2285 1088 2326 either
1130 2285 1204 2326 the
1249 2286 1411 2326 Lucius
1457 2285 1632 2326 I'recius
1670 2285 1721 2325 of

239 2338 497 2386 Panormus,
540 2339 790 2379 mentioned
831 2340 890 2391 by
924 2339 1075 2380 Cicero
1115 2341 1157 2379 in
1210 2340 1329 2380 Verr.
1369 2354 1408 2380 v.
1450 2342 1519 2386 69,
1557 2353 1607 2379 or
1643 2339 1716 2379 the

240 2392 476 2433 Precianus
512 2393 762 2434 mentioned
800 2395 842 2433 in
874 2394 997 2434 Fam.
1028 2395 1100 2433 vii.
1137 2397 1176 2435 8.
1207 2396 1246 2433 9.
1312 2394 1350 2433 It
1383 2407 1569 2446 appears
1602 2394 1716 2433 from

236 2447 378 2486 auctio
417 2447 512 2487 that
550 2448 701 2487 Cicero
740 2447 825 2487 had
867 2447 1048 2488 decided
1090 2452 1134 2487 to
1172 2447 1348 2500 dispose
1387 2449 1437 2487 of
1470 2447 1542 2488 the
1579 2450 1717 2487 estate

231 2499 507 2594 Yaueathed
539 2505 583 2542 to
613 2501 704 2542 him
734 2500 793 2553 by
815 2501 970 2555 selling
991 2503 1036 2542 it.
1099 2501 1371 2554 Pomponius
1402 2502 1450 2549 is,
1472 2502 1523 2542 of
1547 2513 1716 2548 course,

322 2567 429 2595 icus.

241 2623 336 2664 200
