1837 3029
892 177 1144 225 CICERO

272 304 402 351 Nam
441 308 547 353 eius
586 322 757 368 opera,
796 306 1016 362 consilio,
1055 309 1266 353 scientia
1303 309 1375 353 rei
1415 306 1642 354 militaris
1681 305 1759 354 vel

270 397 489 440 maxime
513 394 755 457 intellego
779 409 861 440 me
886 400 939 440 et
962 393 1324 455 rempublicam
1349 394 1571 441 adiuvari
1595 410 1758 456 posse.

271 480 420 539 Quod
455 484 546 527 nisi
581 488 728 527 tanta
761 497 840 527 res
877 484 982 527 eius
1018 488 1274 544 ageretur,
1309 497 1401 527 nec
1436 484 1542 544 ipse
1579 481 1758 528 adduci

269 572 535 630 potuisset,
565 575 622 615 ut
652 585 681 614 a
712 584 792 614 me
823 568 1124 624 discederet,
1155 584 1321 631 neque
1353 585 1466 631 ego,
1496 576 1554 615 ut
1584 585 1699 616 eum
1729 585 1758 615 a

269 671 350 702 me
394 655 721 702 dimitterem.
790 655 900 719 Ego
944 659 994 701 in
1040 655 1262 702 Ciliciam
1306 656 1546 718 proficisci
1591 659 1758 719 cogito

268 746 465 790 circiter
499 742 610 790 Kal.
647 742 769 790 Mai.
839 745 976 790 Ante
1010 759 1122 790 eam
1155 744 1288 790 diem
1322 745 1548 790 Anneius
1581 744 1644 791 ad
1675 760 1757 790 me

221 837 245 876 2
270 830 448 878 redeat
476 838 693 893 oportet.
765 830 895 878 Illud
929 831 1064 893 quod
1101 837 1272 878 tecum
1306 838 1360 878 et
1389 848 1555 878 coram
1586 839 1640 878 et
1668 848 1757 894 per

269 918 463 965 litteras
500 918 882 981 diligentissime
923 922 1021 981 egi,
1057 918 1110 965 id
1147 925 1201 966 et
1238 935 1370 965 nunc
1409 923 1563 965 etiam
1602 926 1756 982 atque

271 1009 425 1052 etiam
460 1023 581 1069 rogo
615 1022 763 1052 curae
798 1007 890 1052 tibi
924 1009 1006 1061 sit,
1040 1012 1098 1052 ut
1130 1022 1276 1052 suum
1311 1009 1590 1069 negotium,
1622 1007 1756 1070 quod

269 1092 427 1140 habet
459 1110 572 1140 cum
606 1093 791 1156 populo
825 1093 1085 1150 Sardiano,
1118 1110 1207 1156 pro
1240 1110 1421 1140 causae
1456 1098 1671 1141 veritate
1704 1102 1757 1142 et

269 1196 358 1244 pro
376 1198 464 1227 sua
482 1181 734 1244 dignitate
753 1181 999 1228 conficiat.
1069 1180 1305 1227 Intellexi
1324 1197 1386 1228 ex
1406 1188 1495 1228 tua
1513 1186 1757 1237 oratione,

269 1285 382 1315 cum
414 1276 582 1315 tecum
615 1267 801 1331 Ephesi
832 1268 1028 1315 locutus
1057 1284 1187 1325 sum,
1215 1275 1270 1316 te
1298 1272 1452 1332 ipsius
1486 1269 1558 1316 M.
1591 1270 1757 1317 Annei

269 1373 418 1403 causa
451 1359 619 1402 onmia
651 1355 793 1403 velle,
862 1355 963 1403 Sed
994 1363 1169 1403 tamen
1199 1359 1269 1403 sic
1301 1355 1448 1403 velim
1483 1360 1757 1414 existimes,

270 1451 322 1491 te
343 1443 463 1490 mihi
486 1442 606 1489 nihil
625 1447 817 1507 gratius
838 1443 1005 1490 facere
1025 1460 1189 1506 posse,
1210 1460 1362 1507 quam
1382 1448 1422 1491 si
1439 1444 1757 1502 intellexero,

270 1547 360 1594 per
381 1538 434 1577 te
455 1530 594 1578 illum
616 1535 780 1594 ipsum
803 1535 1063 1595 negotium
1088 1547 1151 1578 ex
1172 1535 1430 1578 sententia
1449 1531 1722 1580 confecisse
1743 1549 1755 1590 3

268 1619 420 1682 idque
445 1635 598 1683 quam
620 1622 838 1682 primum
862 1626 919 1667 ut
942 1619 1142 1675 efficiaS,
1165 1626 1218 1666 te
1243 1623 1398 1666 etiam
1421 1626 1577 1684 atque
1600 1623 1755 1668 etiam

267 1723 404 1770 rogo.

930 1881 1102 1929 LVIII

383 2030 438 2064 Μ.
474 2032 648 2062 CICERO
682 2032 723 2064 C.
759 2031 895 2063 TITIO
929 2031 973 2066 L·
1006 2031 1052 2065 F.
1090 2032 1220 2063 RUFO
1255 2032 1334 2065 PR.
1371 2033 1570 2065 URBANO
1603 2033 1641 2067 S.

746 2149 1006 2196 Laodiceae,
1029 2163 1160 2191 Ars.
1182 2153 1278 2192 704.

330 2266 387 2314 L.
420 2266 676 2314 Custidius
707 2274 785 2314 est
816 2266 1011 2314 tribulis
1042 2275 1096 2314 et
1126 2272 1384 2330 municeps
1416 2276 1469 2315 et
1498 2267 1752 2317 familiaris

263 2370 421 2402 meus.
491 2354 539 2400 Is
577 2371 779 2401 causam
818 2353 1012 2411 habet3
1049 2371 1199 2418 quam
1237 2372 1438 2401 causam
1478 2356 1540 2402 ad
1577 2363 1629 2403 te
1665 2358 1752 2405 de-

264 2441 409 2489 feret.
483 2441 795 2488 Commendo
828 2443 918 2488 tibi
950 2441 1223 2498 hominem,
1247 2447 1391 2489 sicuti
1426 2450 1513 2490 tua
1544 2444 1666 2491 fides
1697 2453 1751 2493 et

263 2545 404 2575 meus
431 2530 591 2591 pudor
623 2530 864 2591 postulat,
889 2536 1109 2583 tantum,
1143 2539 1197 2576 ut
1224 2530 1393 2577 faciles
1420 2532 1483 2577 ad
1508 2539 1561 2577 te
1586 2533 1751 2580 aditus

272 2611 360 2653 138
