1837 3029
864 185 1116 234 CICERO

199 320 224 359 2
249 314 468 361 colamur
507 322 561 361 et
601 331 841 362 amemur.
919 316 996 361 De
1038 316 1231 361 ambitu
1272 331 1385 365 cum
1425 317 1732 362 atrocissime

249 389 486 444 ageretur
516 386 565 428 in
595 389 775 428 senatu
807 382 991 429 multos
1023 383 1146 437 dies,
1179 382 1313 444 quod
1343 385 1415 428 ita
1446 389 1592 429 erant
1621 398 1732 444 pro-

247 453 403 510 gressi
437 450 691 495 candidati
725 449 1025 505 consulares,
1060 456 1117 496 ut
1150 465 1249 496 non
1282 456 1418 496 esset
1450 448 1732 505 ferendum,

248 519 298 561 in
326 524 505 562 senatu
534 533 633 562 non
661 515 747 562 fui.
810 515 975 562 Statui
1005 517 1069 562 ad
1097 516 1282 562 nullam
1311 516 1613 563 medicinam
1640 519 1733 562 rei-

198 589 222 627 3
248 583 475 643 publicae
515 586 620 629 sine
660 600 844 647 magno
882 583 1131 646 praesidio
1170 583 1425 631 accedere.
1499 583 1612 641 Quo
1650 583 1732 630 die

249 649 371 695 haec
391 653 576 712 scripsi,
598 650 791 697 Drusus
811 658 922 697 erat
941 651 1004 698 de
1024 653 1451 713 praevaricatione
1471 667 1501 696 a
1519 651 1731 696 tribunis

247 721 448 763 aerariis
493 717 768 774 absolutus,
812 721 864 764 in
907 734 1119 774 summa,
1164 725 1406 780 quattuor
1449 721 1730 773 sententiis,

245 800 359 829 cum
391 792 650 831 senatores
684 792 737 831 et
771 788 967 847 equites
1000 785 1340 832 damnassent.
1408 785 1517 848 Ego
1551 785 1729 831 eodem

245 851 326 897 die
362 859 476 913 post
510 852 772 899 meridiem
808 852 1066 899 Vatinium
1102 868 1239 899 eram
1274 851 1586 899 defensurus.
1655 851 1730 899 Ea

245 934 322 964 res
344 918 499 965 facilis
522 926 613 966 est.
669 920 885 966 Comitia
906 923 955 965 in
976 936 1202 966 mensem
1224 919 1362 982 Sept.
1385 922 1574 965 reiecta
1595 926 1726 966 sunt.

244 984 414 1032 Scauri
463 987 700 1033 iudicium
751 990 924 1033 statim
976 987 1310 1043 exercebitur,
1361 989 1440 1033 cui
1490 1002 1578 1032 nos
1629 1003 1727 1032 non

243 1053 507 1100 deerimus.
591 1054 895 1103 Συνδείπνους
931 1054 1250 1114 Σοφοκλέους,
1276 1070 1583 1117 quamquam
1614 1070 1644 1100 a
1674 1061 1728 1100 te

244 1127 408 1166 actam
427 1120 663 1167 fabellam
681 1122 825 1168 video
844 1137 953 1168 esse
970 1120 1168 1178 festive,
1185 1120 1320 1168 nullo
1337 1121 1487 1168 modo
1504 1121 1724 1183 probavi.

191 1198 218 1235 4
243 1186 401 1234 Venio
434 1206 565 1235 nunc
597 1188 661 1235 ad
692 1189 759 1245 id,
792 1189 927 1252 quod
958 1192 1124 1236 nescio
1157 1206 1221 1235 an
1251 1191 1468 1251 primum
1501 1204 1609 1234 esse
1641 1188 1726 1235 de-

243 1255 422 1301 buerit.
486 1255 531 1302 O
558 1255 799 1303 iucundas
827 1254 948 1302 mihi
976 1263 1090 1302 tuas
1118 1256 1182 1303 de
1210 1255 1469 1302 Britannia
1495 1254 1690 1302 litteras
1714 1256 1723 1302 Ξ

241 1321 503 1369 Timebam
551 1323 830 1379 Oceanum,
878 1324 1122 1370 timebam
1174 1323 1291 1370 litus
1343 1321 1550 1369 insulae.
1630 1322 1724 1369 Re-

241 1388 376 1451 liqua
399 1406 499 1436 non
523 1390 758 1452 equidem
782 1397 1067 1446 contemno,
1091 1390 1182 1437 sed
1203 1389 1314 1452 plus
1335 1388 1528 1436 babent
1551 1396 1723 1436 tamen

239 1460 362 1518 spei,
385 1473 537 1520 quam
558 1461 766 1513 timoris,
788 1461 1050 1521 magisque
1072 1474 1182 1504 sum
1203 1457 1440 1504 sollicitus
1463 1463 1723 1518 exspecta-

239 1527 377 1570 tione
413 1540 488 1580 ea,
524 1540 675 1587 quam
712 1532 869 1571 metu.
954 1525 1026 1571 Te
1065 1541 1180 1571 vero
1213 1524 1439 1571 ὑπόθεσιν
1475 1525 1721 1571 scribendi

239 1594 496 1654 egregiam
521 1591 708 1638 habere
738 1593 894 1639 video.
955 1592 1092 1650 Quos
1119 1599 1175 1638 tu
1201 1595 1342 1647 situs,
1368 1607 1492 1654 quas
1517 1598 1722 1638 naturas

236 1674 403 1704 rerum
423 1666 477 1705 et
494 1658 731 1715 locorum,
751 1676 875 1722 quos
894 1676 1074 1715 mores,
1095 1675 1219 1722 quas
1237 1665 1435 1723 gentes,
1455 1675 1578 1721 quas
1597 1675 1721 1722 pug-

236 1742 341 1781 nas,
372 1742 523 1789 quem
553 1743 669 1772 vero
697 1729 860 1789 ipsum
890 1730 1245 1789 imperatorem
1274 1725 1431 1772 habes
1455 1726 1464 1772 l
1530 1725 1640 1789 Ego
1667 1732 1721 1772 te

234 1791 467 1849 libenter,
497 1800 554 1841 ut
580 1810 743 1857 rogas,
772 1795 951 1856 quibus
979 1795 1128 1840 rebus
1157 1797 1244 1849 vis,
1273 1793 1520 1840 adiuvabo
1548 1800 1601 1839 et
1628 1793 1719 1840 tibi

294 1952 312 1970 ⁰
343 1946 426 1987 See
446 1946 520 1988 the
541 1947 779 2000 preceding
801 1947 937 1988 letter.

295 1999 310 2025 δ
343 2000 565 2053 Probably
603 2001 753 2042 Livius
789 2001 959 2042 Drusus
995 2000 1280 2050 Claudianus,
1317 2000 1462 2041 father
1496 2000 1546 2041 of
1578 2000 1717 2049 Livia,

235 2055 405 2095 mother
426 2055 475 2094 of
491 2055 566 2096 the
587 2069 787 2107 emperor
805 2055 1020 2096 Tiberius.

295 2114 309 2133 ⁶
340 2109 404 2148 Ρι
406 2123 481 2148 (ιρι
485 2111 682 2155 arecalco
707 2123 733 2149 a
756 2109 1011 2150 fraudulent
1034 2111 1432 2161 mismanagement
1455 2107 1504 2149 of
1523 2108 1597 2149 the
1619 2091 1719 2149 case

232 2161 292 2214 by
314 2162 524 2202 collusion
548 2163 597 2203 of
613 2163 688 2204 the
709 2165 883 2215 parties.
950 2163 1019 2216 Of.
1043 2163 1166 2204 Fam.
1188 2165 1276 2203 viii.
1300 2165 1339 2204 8.
1361 2165 1401 2203 9.

265 2176 309 2239 γ’*
341 2216 423 2256 See
445 2221 546 2257 note
567 2217 588 2257 b
611 2230 668 2257 on
689 2221 729 2258 4.
754 2220 778 2258 6
799 2217 953 2258 above.

289 2275 303 2293 ⁶
336 2271 397 2309 At
422 2269 598 2311 Caesar'
601 2285 621 2312 s
648 2273 848 2323 pressing
874 2275 1061 2324 request.
1120 2271 1205 2312 For
1233 2270 1307 2311 the
1333 2269 1474 2311 whole
1498 2274 1619 2322 story
1645 2282 1717 2310 see

237 2323 576 2428 &223ngng
607 2382 740 2419 wrote
777 2391 804 2418 a
842 2380 1005 2430 satyrio
1043 2377 1213 2426 drama,
1249 2376 1428 2419 entitled
1469 2380 1713 2424 Σίνδειπνοι,

233 2431 305 2471 the
344 2432 489 2471 theme
518 2431 652 2483 being
686 2432 758 2472 the
789 2445 926 2481 ano-er
960 2433 1008 2471 of
1040 2432 1231 2472 Achilles
1260 2436 1305 2472 at
1336 2431 1470 2483 being
1503 2408 1713 2471 excluded

230 2485 343 2524 from
368 2498 393 2524 a
419 2485 614 2536 banquet
639 2488 680 2524 in
706 2486 919 2526 lmedos.
975 2487 1107 2526 Some
1131 2491 1412 2536 coneretemps
1437 2485 1485 2524 of
1507 2485 1578 2524 the
1605 2484 1712 2524 kind

232 2538 318 2578 had
353 2538 560 2578 occurred
597 2541 639 2578 in
675 2539 873 2579 ('u‹sar's
906 2553 1036 2591 camp
1071 2542 1114 2579 in
1150 2539 1281 2587 Gaul,
1315 2538 1403 2578 and
1438 2538 1591 2578 Cicero
1626 2551 1713 2578 was

236 2608 326 2649 542
