1837 3029
814 169 1066 216 CICERO

198 316 262 347 an
288 315 487 346 mecum
512 301 563 344 in
591 297 757 360 aliquo
783 303 898 343 tuto
923 295 1046 343 loco,
1116 295 1177 343 Id
1202 311 1303 342 non
1328 293 1489 342 solum
1512 311 1684 343 meum

197 366 457 414 consilium
489 372 586 420 est,
616 365 706 411 sed
739 367 893 410 etiam
925 369 1164 409 vestrum.
1234 361 1365 408 Mihi
1394 365 1605 410 veniunt
1632 366 1685 409 in

198 441 426 480 mentem
473 431 633 478 haec:
701 430 892 477 Romae
941 445 1027 476 vos
1079 445 1188 475 esse
1237 436 1352 476 tuto
1399 445 1546 491 posse
1593 435 1686 492 per

200 499 536 554 Dolabellam,
556 514 771 560 eamque
790 514 897 543 rem
916 512 1063 559 posse
1082 497 1227 543 nobis
1244 496 1539 543 adiumento
1558 511 1686 551 esse3

199 571 238 614 si
266 583 397 630 quae
424 570 512 621 vis,
540 572 629 611 aut
654 568 694 611 si
720 580 853 627 quae
878 567 1084 626 rapinae
1111 563 1218 609 fieri
1243 566 1519 625 coeperint.
1584 562 1685 610 Sed

199 650 367 681 rursus
407 632 532 679 illud
573 647 655 677 me
696 637 886 687 movet,
929 630 1065 693 quod
1107 630 1270 686 video,
1312 645 1487 676 omnes
1527 630 1684 676 bonos

200 702 378 748 abesse
415 699 592 754 Roma,
632 705 685 744 et
723 714 808 745 eos
846 697 1082 744 mulieres
1119 713 1233 743 suas
1270 712 1441 743 secum
1478 696 1682 743 habere.

201 768 344 814 Haec
377 774 550 813 autem
584 768 742 828 regio,
776 768 828 811 in
862 781 962 828 qua
996 780 1092 827 ego
1125 780 1255 818 sum,
1288 770 1572 810 nostrorum
1605 770 1685 810 est

198 851 313 882 curn
363 834 680 896 oppidorum,
731 839 841 879 tum
893 834 1049 878 etiam
1099 831 1453 892 praediorum;
1521 837 1581 877 ut
1630 838 1685 877 et

201 901 416 948 multum
446 916 554 947 esse
583 915 799 954 mecum,
829 905 900 954 et,
927 915 1043 945 cum
1071 898 1313 953 abieritis,
1339 897 1603 944 commode
1630 904 1685 944 et

150 979 174 1016 2
200 973 249 1014 in
273 971 454 1014 nostris
479 983 587 1013 esse
609 969 826 1029 possitis.
896 964 1023 1011 Mihi
1046 964 1196 1027 plane
1220 981 1320 1010 non
1341 967 1463 1011 satis
1484 970 1685 1011 constat

201 1035 382 1089 adhuc,
427 1042 597 1081 utrum
642 1036 707 1079 sit
751 1031 945 1079 melius.
1013 1031 1112 1078 Vos
1158 1031 1346 1087 videte,
1391 1031 1513 1094 quid
1556 1030 1684 1078 aliae

201 1102 390 1148 faciant
408 1105 506 1147 isto
527 1100 633 1146 loco
654 1099 892 1155 feminae,
914 1106 967 1145 et
986 1115 1069 1154 ne,
1088 1115 1202 1145 cum
1224 1097 1405 1153 velitis,
1427 1101 1564 1145 exire
1584 1115 1685 1145 non

200 1169 352 1215 liceat
374 1184 385 1224 3
427 1168 479 1214 id
505 1167 655 1213 velim
681 1166 952 1230 diligenter
979 1169 1134 1212 etiam
1161 1172 1316 1228 atque
1344 1168 1500 1212 etiam
1525 1165 1685 1212 vobis-

201 1253 315 1282 cum
360 1241 414 1281 et
455 1251 569 1281 cum
613 1237 783 1280 amicis
826 1233 1169 1280 consideretis
1237 1233 1432 1279 Domus
1474 1238 1533 1278 ut
1573 1248 1685 1295 pro-

200 1300 487 1366 pugnacula
520 1307 574 1347 et
606 1300 912 1362 praesidium
946 1299 1152 1355 habeat,
1187 1298 1457 1346 Philotimo
1489 1299 1682 1346 dicetis.

202 1370 270 1416 Et
309 1368 458 1415 velim
496 1367 785 1414 tabellarios
823 1370 1102 1413 instituatis
1140 1373 1323 1422 certos,
1362 1373 1420 1412 ut
1458 1366 1685 1429 quotidie

201 1436 393 1499 aliquas
434 1451 463 1480 a
502 1435 641 1481 vobis
680 1434 876 1480 litteras
917 1437 1174 1496 accipiam.
1244 1432 1472 1479 Maxime
1512 1440 1685 1480 autem

201 1504 320 1550 date
338 1517 562 1564 operam,
579 1508 637 1548 ut
654 1500 882 1557 valeatis,
899 1504 936 1547 si
957 1517 1045 1548 nos
1064 1499 1213 1547 vultis
1231 1499 1414 1547 valere.
1482 1515 1547 1546 lx.
1572 1499 1683 1547 Kal.

202 1571 348 1617 Febr.
373 1570 597 1616 Formiis.

886 1798 1010 1846 XIX

598 1942 654 1977 Μ.
689 1944 734 1976 Τ.
771 1944 812 1975 C.
849 1944 886 1974 S.
925 1944 971 1975 D.
1007 1943 1289 1974 TERENTIAE

702 2056 923 2104 Brundisi,
946 2070 1076 2097 A.U.C.
1099 2059 1196 2097 706.

267 2175 326 2221 In
356 2176 587 2220 maximis
617 2177 742 2219 meis
773 2172 1024 2219 doloribus
1056 2175 1311 2219 excruciat
1339 2189 1422 2219 me
1451 2172 1689 2220 valetudo

201 2242 395 2289 Tulliae
422 2249 640 2288 nostrae.
709 2241 789 2287 De
817 2256 917 2304 qua
944 2239 1064 2285 nihil
1092 2247 1187 2296 est,
1214 2240 1349 2303 quod
1375 2240 1440 2287 ad
1465 2247 1519 2287 te
1545 2240 1688 2304 plura

264 2427 283 2447 ⁰
318 2423 382 2473 By
418 2421 616 2461 Caesar-'s
649 2420 810 2460 ordi-rs.
873 2419 1101 2459 Dolabella
1136 2433 1223 2459 was
1256 2433 1312 2459 on
1348 2419 1546 2460 Caesar’s
1578 2420 1685 2468 side,

210 2477 289 2517 but
310 2475 452 2515 would
477 2475 529 2515 be
551 2475 648 2514 ablo
670 2480 713 2513 to
738 2474 836 2525 help
858 2474 1059 2513 Terentia
1082 2473 1168 2513 and
1191 2473 1347 2514 Tullia.

269 2531 284 2554 ⁶
320 2533 352 2569 A
371 2529 598 2569 freedman
615 2531 665 2568 of
677 2529 880 2575 Ciceros
899 2533 973 2568 not
989 2528 1229 2568 'l‘erentia's
1246 2527 1471 2568 dishonest
1485 2527 1686 2570 steward.

213 2602 305 2640 218
