1837 3029
882 169 1132 216 CICERO

260 300 344 360 qui
386 301 533 345 istinc
574 302 800 354 veniunt,
842 302 913 345 ita
954 300 1017 346 de
1059 306 1149 346 tua
1191 303 1396 355 virtute,
1436 303 1753 363 integritate,

260 376 578 425 humanitate
598 387 1013 435 commemorant,
1034 387 1090 426 ut
1108 384 1158 425 in
1179 384 1278 426 tuis
1297 384 1503 426 summis
1522 379 1753 427 laudibus

257 463 513 521 excipiant
550 477 700 506 unam
740 461 1063 508 iracundiam.
1153 461 1301 519 Quod
1338 465 1515 508 vitium
1551 477 1664 507 cum
1701 464 1752 506 in

258 537 350 585 hac
373 543 569 601 privata
592 541 989 604 quotidianaque
1013 544 1117 588 vita
1139 541 1261 588 levis
1287 558 1395 588 esse
1420 544 1571 587 animi
1597 547 1751 603 atque

256 619 435 665 infirmi
481 620 697 676 videtur,
742 629 852 667 tum
901 637 1017 668 vero
1063 621 1184 668 nihil
1230 630 1309 669 est
1353 629 1459 669 tam
1505 619 1751 676 deforme,

256 716 407 762 quam
462 701 525 747 ad
578 718 830 747 summum
883 705 1148 764 imperium
1204 705 1358 749 etiam
1413 703 1745 748 acerbitatem

257 787 468 827 naturae
502 781 793 845 adiungere.
863 782 1032 841 Quare
1066 783 1185 830 illud
1221 800 1320 830 non
1353 786 1637 845 suscipiam,
1670 787 1746 837 ut,

256 876 386 923 quae
409 861 472 907 de
494 862 750 909 iracundia
774 863 869 909 dici
890 863 1053 910 solent
1077 880 1103 909 a
1125 864 1422 910 doctissimis
1445 862 1748 917 hominibus,

256 955 317 986 ea
359 941 450 987 tibi
493 959 626 989 nunc
668 959 938 1005 exponam,
979 960 1092 990 cum
1137 952 1190 990 et
1232 947 1378 990 nimis
1418 944 1598 1007 longus
1641 957 1750 988 esse

256 1020 426 1077 nolim,
457 1029 511 1069 et
547 1039 610 1069 ex
645 1023 919 1070 multorum
955 1028 1151 1087 scriptis
1183 1041 1243 1071 ea
1272 1023 1418 1071 facile
1448 1027 1605 1087 possis
1635 1039 1750 1085 cog-

255 1117 495 1158 noscere3
548 1103 688 1159 illud,
721 1104 856 1167 quod
893 1112 970 1151 est
1006 1105 1254 1167 epistulae
1288 1109 1563 1168 proprium,
1599 1110 1657 1150 ut
1691 1107 1749 1158 is,

256 1182 320 1228 ad
347 1199 498 1246 quem
526 1185 775 1240 scribitur,
802 1186 865 1231 de
892 1188 950 1232 iis
977 1187 1144 1242 rebus,
1172 1203 1296 1249 quas
1322 1189 1540 1250 ignorat,
1567 1187 1749 1231 certior

178 1268 231 1306 38
259 1262 362 1318 fiat,
398 1266 911 1325 praetermittendum
956 1283 1064 1312 esse
1101 1284 1200 1313 non
1235 1273 1375 1329 puto.
1444 1265 1523 1312 Sic
1560 1265 1623 1312 ad
1660 1281 1748 1310 nos

255 1360 428 1390 onmes
463 1344 569 1391 fere
605 1344 861 1402 deferunt,
897 1346 1035 1402 nihil,
1069 1364 1183 1394 cum
1220 1348 1352 1394 absit
1385 1346 1659 1401 iracundia,
1695 1352 1748 1391 te

258 1425 361 1470 lieri
420 1442 565 1487 posse
623 1427 923 1483 iucundius;
989 1428 1078 1474 sed
1130 1444 1244 1474 cum
1298 1435 1351 1475 te
1405 1427 1610 1474 alicuius
1657 1429 1747 1471 im-

256 1506 479 1566 probitas
524 1511 929 1570 perversitasque
978 1512 1323 1564 commoverit,
1367 1511 1436 1556 sic
1481 1515 1534 1555 te
1582 1511 1747 1553 animo

255 1588 468 1642 incitari,
504 1594 562 1634 ut
599 1589 662 1634 ab
698 1589 929 1635 omnibus
965 1596 1055 1635 tua
1091 1590 1408 1636 desideretur
1442 1588 1744 1635 humanitas.

255 1666 425 1724 Quare
456 1672 692 1730 quoniam
723 1672 773 1714 in
805 1686 917 1715 eam
947 1673 1195 1716 rationem
1228 1674 1360 1717 vitae
1391 1687 1480 1717 nos
1510 1686 1610 1716 non
1641 1676 1744 1714 tam

255 1748 503 1809 cupiditas
531 1750 780 1812 quaedam
808 1750 1015 1813 gloriae,
1043 1768 1194 1814 quam
1221 1768 1300 1798 res
1326 1755 1434 1814 ipsa
1462 1767 1518 1797 ac
1545 1749 1747 1796 fortuna

254 1828 485 1885 deduxit,
525 1837 583 1876 ut
621 1834 959 1892 sempiternus
999 1848 1162 1878 sermo
1201 1831 1460 1878 hominum
1500 1831 1564 1878 de
1604 1831 1746 1876 nobis

255 1908 453 1955 futurus
485 1913 567 1966 sit,
599 1927 882 1967 caveamus,
915 1920 1163 1974 quantum
1195 1914 1390 1959 efficere
1424 1920 1478 1959 et
1508 1913 1745 1973 consequi

255 2005 534 2051 possumus,
564 1998 621 2037 ut
652 2008 714 2038 ne
746 1993 880 2055 quod
910 1996 959 2038 in
990 1994 1131 2039 nobis
1161 1997 1356 2057 insigne
1386 1997 1562 2039 vitium
1593 1991 1746 2038 fuisse

254 2070 465 2117 dicatur.
535 2071 714 2135 Neque
777 2089 872 2137 ego
933 2073 1026 2120 hoc
1088 2091 1219 2121 nunc
1280 2074 1549 2129 contendo,
1611 2071 1746 2136 quod

255 2149 465 2198 fortasse
509 2169 623 2198 curn
668 2157 718 2199 in
762 2157 896 2200 omni
940 2162 1139 2211 natura,
1182 2163 1293 2202 tum
1336 2159 1436 2202 iam
1480 2158 1531 2201 in
1575 2160 1746 2200 nostra

254 2238 426 2277 aetate
463 2233 659 2280 difficile
697 2241 792 2289 est,
828 2242 1027 2281 mutare
1065 2239 1287 2282 animum
1326 2243 1396 2292 et,
1432 2239 1471 2282 si
1509 2235 1630 2298 quid
1667 2239 1745 2280 est

254 2316 455 2373 penitus
486 2317 690 2360 insitum
723 2316 961 2371 moribus,
992 2316 1041 2362 id
1073 2318 1239 2363 subito
1272 2316 1522 2371 evellere3
1571 2314 1660 2361 sed
1691 2321 1744 2360 te

252 2391 372 2439 illud
414 2394 678 2451 admoneo,
719 2403 794 2451 ut,
834 2399 873 2442 si
914 2395 1007 2442 hoc
1048 2397 1196 2459 plane
1238 2401 1395 2444 vitare.
1438 2414 1535 2443 non
1578 2402 1742 2458 potes,

251 2474 386 2536 quod
411 2481 530 2522 ante
555 2483 829 2538 occupatur
853 2479 1046 2523 animus
1072 2479 1135 2523 ab
1158 2479 1432 2532 iracundia,
1457 2493 1607 2541 quam
1633 2492 1741 2538 pro-

261 2577 352 2617 4:28
