1837 3029
876 149 1126 198 CICERO

260 283 489 327 minerirn
528 280 656 328 Iovis
692 285 988 336 orationem,
1025 297 1156 343 quae
1193 287 1273 327 est
1307 283 1358 326 in
1395 286 1625 327 extremo
1659 279 1740 331 illo

260 347 401 403 libro,
444 365 538 411 ego
580 365 696 395 vero
736 351 959 402 memini,
1000 355 1054 393 et
1093 347 1176 393 illa
1216 350 1383 394 onmia
1422 346 1542 394 mihi
1582 350 1740 410 magis

211 421 236 460 2
260 419 447 477 scripsi,
473 432 625 478 quam
649 419 844 462 ceteris.
904 414 1003 460 Sed
1028 422 1202 461 tamen
1226 414 1483 476 postridie,
1508 430 1660 477 quarn
1683 421 1739 461 tu

261 498 313 528 es
338 481 609 544 profectus,
634 481 795 528 multa
819 489 966 528 nocte
992 499 1105 528 cum
1131 481 1346 528 Vibullio
1371 484 1484 527 veni
1509 481 1573 528 ad
1597 480 1740 527 Pom-

258 553 445 611 peium,
474 565 690 611 cumque
722 565 817 612 ego
847 552 1062 611 egissem
1091 549 1155 595 de
1186 551 1292 594 istis
1322 549 1555 610 operibus
1585 555 1738 610 atque

257 617 676 678 inscriptionibus,
693 632 783 678 per
800 616 919 661 mihi
937 617 1157 679 benigne
1173 615 1433 677 respondit
1456 630 1467 670 ;
1502 631 1736 678 magnam

258 699 399 744 spem
449 683 634 730 attulit.
710 682 836 729 Cum
885 682 1061 729 Crasso
1109 699 1161 729 se
1215 683 1344 728 dixit
1395 681 1530 745 loqui
1578 681 1703 728 velle
1727 697 1738 736 ;

257 749 497 812 mihique,
520 758 576 796 ut
595 751 729 797 idem
750 749 987 804 facerem,
1007 753 1177 796 suasit.
1233 749 1466 796 Crassum
1486 748 1738 795 consulem

258 832 320 862 ex
354 824 534 863 senatu
568 818 772 863 domum
805 818 1015 864 reduxi·
1005 852 1017 872 ‚
1067 820 1287 878 suscepit
1319 831 1460 871 rem3
1465 816 1738 878 ,dixitque

258 899 384 939 esse,
408 885 542 946 quod
566 884 766 931 Clodius
788 883 882 931 hoo
904 891 1133 946 tempore
1156 890 1366 962 cuperet
1387 899 1477 945 per
1499 899 1552 931 se
1576 890 1629 930 et
1650 898 1739 961 per

258 920 552 1013 Pom’peium
580 955 851 1014 consequi·
840 987 852 1006 ,
894 958 1075 1012 putare
1101 967 1172 1006 se,
1198 954 1237 997 si
1264 967 1359 1014 ego
1385 966 1502 998 eum
1526 967 1626 998 non
1650 953 1738 999 im-

255 1018 500 1080 pedirem,
537 1035 681 1080 posse
717 1035 800 1065 me
837 1018 1042 1080 adipisci
1081 1021 1188 1064 sine
1227 1020 1569 1073 contentione,
1604 1017 1738 1080 quod

256 1084 451 1132 vellem.
517 1086 702 1132 Totum
734 1089 781 1132 ei
811 1089 1073 1149 negotium
1097 1088 1317 1147 permisi,
1342 1100 1526 1146 meque
1551 1087 1602 1130 in
1633 1087 1737 1130 eius

255 1159 514 1214 potestate
531 1153 631 1199 dixi
651 1151 772 1199 sore.
825 1151 1065 1199 Interfuit
1080 1151 1195 1198 huic
1211 1155 1425 1198 sermoni
1445 1151 1498 1198 P.
1517 1151 1737 1206 Crassus,

256 1219 548 1266 adulescens
564 1223 721 1266 nostri
735 1220 812 1282 (ut
828 1220 940 1281 scis)
959 1219 1363 1266 studiosissimus.
1401 1218 1531 1265 Illud
1548 1225 1737 1273 autern,

255 1287 389 1349 quod
419 1290 556 1349 cupit
587 1286 804 1341 Clodius,
835 1294 912 1333 est
941 1286 1128 1349 legatio
1158 1286 1428 1348 aliqua—si
1457 1289 1621 1332 minus
1649 1301 1739 1348 per

255 1360 505 1409 senatum,
542 1370 632 1416 per
668 1353 1149 1416 populum—libera,
1187 1360 1276 1399 aut
1312 1352 1612 1416 Byzantium
1650 1359 1737 1398 aut

255 1421 319 1466 ad
339 1421 656 1484 Brogitarum
679 1428 767 1467 aut
787 1428 1074 1484 utrumque.
1129 1420 1285 1467 Plena
1304 1436 1382 1466 res
1404 1433 1734 1466 nummorum.

255 1487 403 1545 Quod
422 1504 516 1551 ego
536 1506 635 1535 non
654 1492 863 1534 nimium
880 1487 1067 1543 laboro,
1087 1491 1284 1534 etiamsi
1302 1490 1465 1534 minus
1485 1503 1736 1549 assequor,

254 1555 388 1617 quod
414 1555 536 1602 volo.
596 1555 864 1618 Pompeius
888 1563 1062 1602 tamen
1085 1571 1200 1601 cum
1224 1554 1400 1601 Crasso
1424 1553 1618 1601 locutus
1643 1561 1735 1601 est.

254 1621 502 1669 Videntur
520 1626 780 1685 negotium
800 1626 1090 1684 suscepisse.
1144 1621 1191 1667 Si
1211 1621 1494 1684 perficiunt,
1513 1624 1702 1683 optime
1725 1635 1737 1675 ;

205 1696 229 1735 3
254 1693 328 1735 sin
354 1693 535 1744 minus,
563 1690 627 1736 ad
654 1697 879 1736 nostrum
909 1689 1079 1736 Iovem
1106 1696 1432 1735 revertamur.
1494 1689 1555 1734 A.
1584 1688 1632 1734 d.
1662 1703 1735 1734 111.

255 1756 328 1802 Id.
357 1757 501 1803 Febr.
529 1764 733 1803 senatus
758 1756 1039 1803 consultum
1067 1763 1143 1802 est
1167 1755 1358 1802 factum
1383 1756 1446 1802 de
1471 1755 1665 1802 ambitu
1688 1758 1738 1801 in

254 1822 430 1869 Afrani
447 1828 931 1886 sententiam,quam
945 1840 1039 1885 ego
1057 1824 1422 1878 dixeram,cum
1440 1829 1496 1869 tu
1514 1822 1737 1877 adesses;

253 1891 342 1936 sed
374 1908 558 1953 magno
584 1908 696 1937 curn
734 1894 928 1953 gemitu
965 1891 1198 1945 Senatus,
1224 1889 1450 1936 consules
1487 1906 1587 1936 non
1622 1896 1738 1936 sunt

316 1979 335 1998 ⁰
364 1973 520 2014 Libera
556 1974 712 2024 quatio
748 1987 836 2013 uas
870 1987 927 2012 an
964 1973 1184 2013 unofficial
1218 1974 1438 2026 embassy,
1469 1973 1680 2025 enabling
1710 1986 1737 2013 a

255 2033 431 2068 senator
463 2032 509 2067 to
538 2032 632 2067 trax·
637 2028 672 2068 el
703 2027 870 2067 abroad
901 2041 957 2066 on
988 2027 1054 2066 his
1084 2041 1181 2067 own
1216 2030 1384 2079 private
1412 2027 1562 2068 affairs
1590 2032 1637 2068 at
1663 2027 1737 2068 the

1201 2085 1226 2108 0

255 2081 888 2182 expeffigdcfflgpeafftffibuges
914 2081 1036 2174 {331
1050 2083 1242 2175 rxaeelstgreci
1284 2137 1448 2175 certain
1494 2135 1560 2187 Β)
1564 2136 1737 2175 zantine

254 2188 400 2235 exiles,
424 2189 512 2228 and
537 2189 591 2228 he
616 2189 703 2228 had
729 2188 857 2229 made
884 2189 1154 2240 Brogitarus,
1179 2202 1205 2229 a
1230 2188 1438 2230 Galatian
1460 2189 1549 2229 and
1573 2190 1738 2230 son-in-

254 2241 338 2283 law
362 2242 410 2282 of
430 2243 677 2290 Deiotarus,
703 2245 834 2294 priest
859 2242 908 2282 of
929 2242 1092 2294 Cybele
1115 2247 1161 2282 at
1186 2242 1418 2288 Pessinus;
1459 2242 1549 2283 and
1573 2242 1628 2282 he
1648 2255 1737 2282 was

257 2309 353 2335 now
381 2298 518 2348 going
545 2301 590 2336 to
618 2296 742 2336 those
770 2300 890 2348 parts
918 2301 963 2335 to
991 2298 1101 2335 raise
1128 2296 1203 2336 the
1231 2310 1392 2347 money
1418 2296 1487 2336 for
1514 2296 1654 2336 which
1683 2296 1737 2336 he

257 2350 356 2389 held
379 2349 520 2389 bonds
541 2349 653 2390 from
676 2350 750 2389 the
771 2349 900 2390 exiles
922 2349 1010 2389 and
1035 2350 1305 2401 Brogitarus.
1356 2349 1538 2401 Tyrrell.

314 2411 327 2427 ⁶
361 2403 634 2455 Apparently
658 2404 751 2443 that
773 2404 845 2444 the
877 2408 1059 2443 ›raetors
1078 2403 1234 2444 should
1257 2404 1309 2444 be
1328 2403 1491 2444 elected
1510 2403 1598 2444 and
1617 2408 1736 2443 enter

256 2471 375 2508 upon
388 2457 612 2551 dofficedat
645 2470 766 2503 once,
802 2470 857 2497 an
925 2469 973 2497 so
1007 2456 1144 2497 evade
1176 2457 1251 2498 the
1283 2458 1561 2509 prosecution
1595 2457 1736 2497 which

256 2513 367 2551 sato
420 2513 526 2551 esire
563 2542 572 2552 .

258 2570 354 2612 510
