1837 3029
889 169 1141 216 CICERO

265 316 482 363 eamque
517 303 664 346 armis
697 316 989 362 oppressam
1027 299 1092 345 ab
1133 299 1374 354 Antonio,
1404 297 1525 345 mihi
1564 315 1766 363 quoque

269 395 361 454 ipsi
383 409 491 440 esse
518 390 870 438 excedendum
890 392 1325 453 putavi—tetrum
1347 393 1480 437 enim
1507 397 1767 453 spectacu-

269 484 372 530 lum
407 500 647 546 oppressa
682 483 747 530 ab
780 485 944 546 impiis
978 484 1153 529 civitas
1188 481 1469 545 opitulandi
1507 489 1766 545 potestate

270 579 561 639 praecisa—
584 590 595 631 ;
639 574 728 622 sed
755 577 950 621 animus
976 573 1131 630 idem,
1158 577 1242 637 qui
1276 589 1478 636 semper
1508 573 1690 620 infixus
1717 577 1766 620 in

271 670 466 730 patriae
492 670 722 724 caritate,
744 667 1019 714 discessum
1039 666 1103 713 ab
1125 668 1230 713 eius
1251 665 1484 729 periculis
1509 664 1641 712 ferre
1668 683 1766 713 non

273 762 456 822 potuit.
529 759 712 822 Itaque
738 762 789 805 in
814 759 983 805 medio
1010 757 1230 805 Achaico
1256 774 1420 814 cursu,
1445 774 1561 804 cum
1587 761 1767 805 etesia-

272 869 383 898 rum
408 851 585 898 diebus
611 851 800 897 Auster
823 867 905 898 me
929 853 980 897 in
1007 849 1207 896 Italiam
1232 852 1373 913 quasi
1398 850 1647 897 dissuasor
1670 854 1769 897 mei

272 943 461 990 consilii
486 942 786 998 rettulisset,
811 949 865 990 te
899 942 998 989 vidi
1029 941 1204 989 Veliae
1237 941 1474 1006 doluique
1500 940 1770 990 vehemen-

273 1042 383 1090 ter3
420 1035 637 1082 cedebas
673 1038 825 1090 enim,
859 1034 1033 1090 Brute,
1059 1034 1582 1097 cedebas—quoniam
1619 1033 1769 1082 Stoici

224 1135 250 1173 6
276 1129 431 1174 nostri
472 1133 665 1190 negant
708 1126 887 1190 fugere
932 1129 1205 1189 sapientes.
1292 1125 1505 1173 Romam
1544 1132 1602 1173 ut
1639 1129 1772 1183 veni,

273 1222 449 1266 statim
485 1235 567 1265 me
610 1219 788 1265 obtuli'
813 1219 1022 1265 Antonii
1058 1217 1233 1265 sceleri
1270 1225 1425 1281 atque
1462 1218 1772 1274 dementiae,

275 1327 429 1374 quem
445 1327 560 1357 cum
580 1313 630 1357 in
650 1327 732 1357 me
753 1313 1109 1365 incitavissem,
1126 1311 1329 1357 consilia
1348 1313 1472 1357 inire
1492 1314 1635 1373 coepi
1652 1311 1773 1357 Bru-

275 1406 384 1450 tina
403 1403 775 1466 plane—vestri
797 1405 931 1449 enim
950 1401 1077 1449 haec
1096 1409 1215 1449 sunt
1233 1406 1434 1466 propria
1453 1406 1775 1466 sanguinis-—

276 1498 349 1542 rei
378 1495 610 1558 publicae
641 1494 949 1541 liberandae.
1022 1493 1198 1558 Longa
1227 1501 1363 1551 sunt,
1397 1511 1528 1558 quae
1561 1502 1775 1551 restant,

278 1594 333 1633 et
371 1586 763 1650 praetereunda,
800 1593 918 1633 sunt
957 1589 1092 1633 enim
1130 1586 1195 1633 de
1233 1603 1351 1634 me:
1406 1594 1610 1633 tantum
1649 1588 1776 1644 dico,

280 1680 551 1726 Caesarem
567 1677 699 1725 hunc
717 1678 1115 1734 adulescentem,
1132 1695 1223 1741 per
1239 1696 1391 1742 quem
1409 1678 1572 1726 adhuc
1588 1696 1776 1735 sumus,

279 1774 318 1817 si
343 1787 518 1818 verum
541 1769 690 1817 fateri
718 1770 963 1826 volumus,
985 1769 1188 1817 fluxisse
1211 1787 1275 1817 ex
1296 1770 1438 1818 fonte
1460 1772 1775 1818 consiliorum

230 1869 255 1909 7
280 1879 524 1910 meorum.
599 1861 729 1908 Huic
763 1861 924 1909 habiti
958 1879 988 1908 a
1018 1879 1101 1909 me
1132 1861 1363 1918 honores,
1394 1863 1515 1909 nulli
1554 1864 1776 1926 quidem,

281 1954 455 2010 Brute,
469 1957 560 2000 nisi
578 1953 889 2009 debiti,nulli
907 1957 999 2001 nisi
1016 1957 1310 2010 necessarii3
1331 1961 1388 2002 ut
1409 1958 1543 2002 enim
1560 1959 1776 2018 primum

283 2047 573 2093 libertatem
611 2062 846 2093 revocare
886 2050 1160 2109 coepimus,
1197 2063 1313 2093 cum
1354 2063 1408 2094 se
1449 2047 1673 2094 nondum
1713 2065 1776 2094 nc

284 2138 480 2185 Decimi
500 2138 705 2200 quidem
728 2138 868 2184 Bruti
886 2139 1053 2184 divina
1071 2141 1226 2185 virtus
1243 2142 1315 2185 ita
1334 2142 1704 2196 commovisset,
1722 2147 1778 2187 ut

283 2234 382 2277 iam
402 2230 452 2276 id
473 2233 596 2276 scire
615 2247 891 2292 possemus,
911 2237 1066 2293 atque
1084 2247 1232 2277 omne
1251 2231 1556 2293 praesidium
1573 2238 1708 2278 esset
1728 2235 1777 2278 in

282 2338 457 2385 puero,
490 2325 573 2383 qui
606 2338 634 2367 a
665 2323 939 2368 cervicibus
971 2325 1151 2369 nostris
1183 2325 1450 2369 avertisset
1481 2323 1777 2380 Antonium,

285 2417 393 2476 quis
422 2413 577 2459 honos
600 2417 643 2459 ci
674 2431 771 2459 non
799 2413 895 2460 fuit
923 2414 1310 2461 decernendus?
1347 2431 1656 2478 quamquam
1683 2432 1779 2479 ego

283 2506 350 2551 illi
381 2512 491 2552 tum
522 2506 788 2552 verborum
818 2505 1020 2552 laudem
1050 2507 1221 2563 tribui,
1250 2522 1466 2570 eamque
1495 2507 1782 2568 modicam;

282 2599 374 2643 708
