1837 3029
885 189 1137 237 CICERO

265 320 364 367 odii
409 319 592 382 publici
629 322 953 381 sempiterna.
1024 318 1254 380 Suspicor
1297 317 1419 365 illud
1460 319 1552 366 tibi
1595 322 1758 366 minus

266 401 483 463 probari,
506 399 640 462 quod
666 417 693 445 a
720 402 819 445 tuis
845 398 1189 453 familiaribus,
1211 401 1413 460 optimis
1439 399 1531 445 illis
1554 399 1758 462 quidem

267 483 398 536 viris,
421 481 510 527 sed
533 483 583 526 in
607 497 659 527 re
684 480 881 542 publica
906 479 1129 534 rudibus,
1153 496 1252 525 non
1275 480 1601 541 probabatur,
1625 479 1760 543 quod

267 568 325 609 ut
361 564 532 608 ovanti
569 564 774 608 introire
814 560 1015 607 Caesari
1052 560 1227 606 liceret
1263 559 1608 616 decreverim3
1665 578 1759 624 ego

266 642 597 689 autem—sed
625 658 734 688 erro
761 640 992 696 fortasse,
1020 657 1112 687 nec
1138 648 1313 687 tamen
1339 644 1379 687 is
1407 658 1535 696 sum,
1562 648 1620 688 ut
1646 658 1760 688 mea

266 740 348 770 me
387 726 607 769 maxime
646 721 1093 769 delectent—nihil
1131 721 1252 767 mihi
1292 721 1462 768 videor
1498 721 1592 769 hoo
1629 722 1760 770 bello

262 807 479 852 sensisse
510 803 808 867 prudentius
835 818 845 858 ;
894 820 980 848 cur
1011 809 1185 849 autem
1216 806 1286 848 ita
1318 806 1399 858 sit,
1431 803 1760 865 aperiendum

262 903 361 933 non
383 893 479 941 est,
500 901 563 931 ne
583 887 742 948 magis
770 883 940 930 videar
966 883 1199 946 providus
1225 882 1377 930 fuisse
1398 900 1550 946 quam
1568 891 1757 948 gratus.

266 966 376 1013 Hoc
410 969 574 1029 ipsum
607 968 835 1020 nimium,
861 981 1016 1027 quare
1047 965 1142 1010 alia
1168 964 1441 1011 videamus.
1514 965 1577 1011 D.
1604 964 1760 1012 Bruto

266 1047 466 1094 decrevi
503 1046 734 1102 honores,
773 1046 972 1092 decrevi
1013 1045 1068 1091 L.
1110 1045 1329 1092 Planco:
1385 1045 1642 1108 praeclara
1677 1046 1761 1092 illa

267 1128 472 1191 quidem
505 1131 724 1191 ingenia,
758 1143 887 1190 quae
920 1126 1078 1189 gloria
1107 1130 1403 1182 invitantur,
1434 1126 1524 1174 sed
1554 1134 1759 1174 senatus

266 1212 422 1256 etiam
448 1212 664 1271 sapiens,
692 1211 794 1270 qui,
821 1225 921 1270 qua
947 1223 1202 1270 quemque
1227 1224 1280 1253 re
1307 1214 1473 1270 putat,
1499 1207 1649 1254 modo
1675 1206 1760 1255 ho-

265 1296 429 1346 nesta,
460 1289 523 1336 ad
553 1306 661 1336 rem
691 1288 944 1351 publicam
974 1288 1244 1334 iuvandam
1271 1304 1416 1350 posse
1443 1288 1641 1344 adduci,
1667 1287 1760 1336 hac

265 1374 440 1417 utitur.
510 1370 583 1417 At
615 1372 667 1416 in
703 1369 897 1432 Lepido
932 1367 1364 1431 reprehendimur,
1399 1372 1478 1415 cui
1511 1386 1626 1416 cum
1660 1376 1761 1416 sta-

264 1459 407 1499 tuam
434 1454 486 1498 in
518 1454 688 1498 rostris
715 1453 1086 1505 statuissemus,
1110 1450 1264 1497 iidem
1291 1450 1427 1496 illam
1456 1453 1728 1497 evertimus
1750 1468 1759 1497 z

265 1549 352 1579 nos
380 1533 521 1579 illum
546 1531 736 1578 honore
763 1531 1048 1578 studuimus
1077 1547 1106 1577 a
1131 1529 1298 1577 furore
1326 1547 1560 1578 revocare
1586 1546 1597 1587 ;
1642 1534 1760 1578 vicit

263 1617 488 1661 amentia
520 1613 755 1659 levissimi
787 1611 1001 1659 hominis
1035 1618 1259 1658 nostram
1292 1611 1634 1674 prudentiam,
1667 1628 1759 1659 nec

263 1701 438 1741 tamen
462 1701 666 1741 tantum
689 1696 740 1739 in
765 1693 1039 1740 statuenda
1066 1692 1245 1755 Lepidi
1269 1699 1441 1739 statua
1464 1691 1655 1739 factum
1682 1700 1760 1740 est

190 1783 239 1822 10
265 1776 398 1831 mali,
438 1782 685 1838 quantum
723 1777 775 1820 in
812 1773 1089 1821 evertenda
1125 1774 1258 1820 boni.
1329 1772 1458 1820 Satis
1497 1773 1657 1820 multa
1695 1773 1758 1820 de

264 1855 533 1903 honoribus
559 1872 569 1902 t
616 1871 747 1901 nunc
776 1854 839 1902 de
868 1871 1031 1917 poena
1060 1871 1220 1916 pauca
1248 1854 1462 1901 dicenda
1488 1861 1607 1901 sunt
1631 1870 1643 1910 ;
1688 1857 1759 1900 in-

263 1937 438 1984 tellexi
464 1939 598 1983 enim
625 1952 687 1982 ex
713 1939 812 1982 tuis
833 1952 985 1997 saepe
1012 1935 1192 1981 litteris
1217 1941 1272 1981 te
1296 1937 1347 1980 in
1369 1938 1456 1990 eis,
1477 1952 1600 1998 quos
1626 1935 1758 1981 bello

263 2018 508 2073 devicisti,
541 2017 865 2064 clementiam
897 2023 1039 2062 tuam
1073 2015 1200 2062 velle
1232 2014 1440 2062 laudari.
1510 2015 1759 2062 Existimo

265 2098 502 2162 equidem
536 2097 657 2144 nihil
691 2114 720 2144 a
749 2103 803 2144 te
834 2100 925 2143 nisi
956 2100 1244 2158 sapienter3
1287 2096 1377 2143 sed
1410 2096 1609 2143 sceleris
1640 2113 1758 2158 poe-

265 2196 381 2226 nam
402 2178 933 2242 praetermittere—id
961 2181 1092 2223 enim
1116 2184 1210 2232 est,
1232 2177 1367 2240 quod
1393 2183 1599 2223 vocatur
1618 2179 1756 2241 igno—

263 2277 484 2316 scere—,
505 2262 703 2306 etiamsi
728 2262 780 2305 in
804 2261 984 2305 ceteris
1011 2259 1160 2304 rebus
1186 2257 1447 2304 tolerabile
1475 2264 1570 2313 est,
1589 2260 1640 2304 in
1665 2256 1757 2304 hoc

264 2341 396 2387 bello
430 2344 764 2403 perniciosum
798 2347 954 2402 puto:
1002 2339 1194 2384 nullum
1229 2341 1362 2384 enim
1397 2338 1585 2384 bellum
1614 2338 1757 2385 civile

327 2498 351 2585 ⁰¹
380 2494 448 2533 An
488 2495 631 2534 ovatio
670 2507 756 2533 was
793 2506 820 2533 a
858 2492 1095 2544 triumplial
1134 2492 1383 2543 procession
1421 2503 1480 2532 on
1517 2503 1545 2532 a
1579 2488 1755 2531 smaller

264 2560 335 2587 sca
357 2561 388 2587 e.

260 2619 355 2663 712
