1837 3029
856 151 1105 200 CICERO

239 295 354 352 post
379 286 503 341 illas,
530 302 654 348 quas
681 291 797 331 tuus
825 291 981 329 nauta
1009 282 1198 337 attulit,
1226 282 1374 328 Olbia
1400 281 1561 329 datas.
1625 280 1722 329 Sed

241 363 412 402 cetera
428 354 505 416 (ut
521 352 711 413 scribis)
728 354 981 413 praesenti
999 352 1214 395 sermoni
1231 356 1565 395 reserventur.
1615 349 1725 396 Hoc

241 430 415 470 tamen
438 438 536 467 non
560 435 691 482 queo
714 417 926 465 differre.
986 417 1059 463 Id.
1090 416 1237 461 Maiis
1261 423 1465 462 senatus
1488 415 1725 478 frequens

241 490 436 537 divinus
484 486 581 533 fuit
629 490 680 531 in
729 484 1092 547 supplicatione
1143 483 1358 529 Gabinio
1407 483 1722 546 deneganda.

242 557 459 604 Adiurat
489 552 723 599 Procilius
755 551 846 598 hoc
878 553 1064 597 nemini
1096 550 1346 596 accidisse.
1414 550 1550 596 Foris
1580 549 1724 596 valde

241 623 510 686 plauditur.
593 618 720 665 Mihi
765 635 878 665 cum
924 634 1012 664 sua
1057 624 1238 679 sponte
1281 617 1571 672 iucundum,
1615 623 1726 663 tum

243 689 523 743 iucundiuS‚
569 685 704 749 quod
750 702 831 732 me
881 685 1091 731 absente
1141 686 1242 747 (est
1289 687 1428 729 enim
1474 683 1725 744 εἰλικρινὲς

241 755 497 816 iudicium)
552 758 658 799 sine
713 755 1108 814 oppugnatione,
1162 754 1267 796 sine
1321 753 1486 813 gratia
1540 758 1723 797 nostra.

192 831 216 870 2
242 824 392 869 Eram
414 821 575 868 Anti.1
634 820 781 878 Quod
805 820 974 865 Idibus
995 825 1048 864 et
1067 818 1307 880 postridie
1327 816 1494 863 fuerat
1518 817 1726 871 dictum,

241 892 304 937 de
334 907 452 951 agro
481 888 739 949 Campano
767 894 935 933 actum
963 889 1038 940 iri,
1065 902 1165 931 non
1194 892 1272 930 est
1299 892 1483 930 actum.
1547 884 1606 930 In
1633 883 1726 930 hac

240 974 389 1004 causa
414 955 534 1001 mihi
561 970 691 1017 aqua
721 953 912 1000 haeret.
979 952 1079 998 Sed
1108 951 1251 1014 plura
1275 967 1428 1013 quam
1453 954 1725 997 constitue-

241 1041 362 1071 ram.
433 1023 612 1068 Coram
639 1024 786 1067 enim.
859 1019 999 1075 Vale,
1024 1023 1092 1065 mi
1118 1022 1308 1080 optime
1333 1025 1386 1064 et
1410 1021 1726 1080 optatissime

241 1091 414 1145 frater,
436 1097 487 1135 et
509 1088 698 1135 advola.
761 1088 903 1134 Idem
925 1094 976 1133 te
997 1090 1153 1133 nostri
1173 1093 1355 1149 rogant
1373 1089 1516 1147 pueri
1534 1100 1547 1141 ;
1579 1084 1725 1132 illud2

240 1158 444 1212 scilicet,
468 1157 686 1210 cenabis,
711 1171 823 1201 curn
849 1158 1057 1201 veneris.

965 1313 1038 1360 IX

619 1428 675 1461 M.
712 1428 885 1459 CICERO
919 1428 955 1458 S.
994 1427 1040 1458 D.
1078 1427 1121 1464 Q.
1159 1425 1342 1459 FRATRI

760 1512 943 1558 Romae,
969 1522 1099 1550 A.U.C.
1123 1511 1219 1549 699.

193 1613 210 1652 1
304 1598 609 1645 Placiturum
630 1596 721 1642 tibi
743 1611 850 1641 esse
869 1594 1049 1640 librum
1069 1610 1239 1639 meum
1260 1593 1547 1655 suspicabar
1570 1607 1582 1648 ;
1619 1599 1726 1638 tam

241 1667 384 1713 valde
418 1665 678 1727 placuisse,
713 1679 864 1725 quarn
897 1662 1083 1715 scribis,
1118 1660 1262 1706 valde
1295 1661 1509 1722 gaudeo.
1577 1659 1727 1717 Quod

239 1751 320 1780 me
359 1733 597 1779 admones
635 1731 698 1777 de
735 1736 905 1775 nostra
943 1728 1149 1783 Urania,
1187 1728 1488 1790 suadesque,
1525 1733 1583 1773 ut
1619 1743 1724 1772 me-

300 1820 314 1844 ¹
351 1819 614 1859 Manutius:
653 1818 792 1869 gratia
819 1819 966 1855 nostra
988 1820 1093 1855 erat.
1146 1814 1278 1864 Quod
1300 1818 1402 1854 ante
1427 1813 1680 1854 Mommsen.

729 1870 745 1894 ²
775 1872 911 1922 pueri.
972 1868 1086 1908 Illud
1108 1869 1286 1908 Purser.

299 1963 317 1981 ‘³
350 1957 462 1997 Now
477 1956 703 1996 (jovernor
717 1955 765 1994 of
776 1955 919 2005 Syria.
965 1953 1033 1993 He
1048 1952 1133 1992 had
1149 1951 1326 2004 applied
1341 1951 1408 1991 for
1421 1964 1448 1990 a
1461 1950 1727 2002 supplicatio

243 2012 380 2052 either
407 2011 475 2051 for
505 2010 571 2049 his
600 2021 771 2049 success
801 2010 845 2047 in
877 2006 1093 2047 I'alestine
1121 2008 1296 2058 against
1326 2004 1607 2046 Aristobulus
1636 2003 1724 2044 and

244 2067 319 2142 hiso
330 2078 409 2158 52η
431 2062 695 2157 Αὲοκωῶετ,
715 2076 764 2102 or
782 2075 902 2102 some
921 2063 1123 2113 previous
1142 2061 1341 2100 victories
1362 2073 1464 2100 over
1486 2059 1643 2099 Arabs.

412 2119 466 2158 tri
502 2130 600 2158 une.

303 2176 318 2195 ⁶
351 2170 563 2222 Literally
603 2169 629 2187 “
651 2169 671 2210 I
713 2169 826 2210 have
865 2181 947 2209 run
988 2167 1118 2219 dry,”
1158 2180 1187 2207 a
1227 2166 1458 2218 metaphor
1497 2165 1611 2205 from
1654 2165 1727 2205 the

242 2225 474 2276 damming
494 2225 542 2264 of
559 2237 586 2263 a
605 2228 782 2270 stream,
803 2236 852 2263 or
872 2220 1067 2274 possibly
1087 2221 1203 2261 from
1222 2221 1297 2260 the
1319 2222 1510 2271 running
1532 2219 1660 2258 down
1682 2219 1730 2259 of

244 2280 316 2319 the.
340 2284 470 2318 water
492 2277 728 2317 allowance
753 2279 794 2316 in
817 2276 890 2315 the
911 2276 1139 2326 clepsydra
1162 2273 1494 2325 (xs·at‹·1·-cl‹›cl<},
1521 2274 1727 2323 meaning

243 2334 339 2373 that
362 2334 512 2371 (licem
535 2331 621 2371 had
644 2336 690 2371 to
711 2335 809 2381 stop
833 2329 1051 2381 speaking
1073 2342 1128 2368 on
1152 2342 1200 2368 so
1223 2329 1472 2378 dangerous
1494 2340 1521 2365 a
1543 2327 1724 2378 subject.

301 2386 320 2409 ‘¹
352 2388 429 2432 Or,
459 2398 508 2425 as
539 2385 695 2424 Purser
723 2384 850 2424 takes
880 2386 924 2431 it,
957 2384 981 2399 “⁶
1004 2382 1068 2423 Of
1092 2395 1245 2422 course
1278 2382 1398 2421 there
1429 2382 1463 2420 is
1492 2381 1726 2433 this-you

245 2441 344 2486 will,
367 2439 479 2479 etc.’'
502 2439 699 2490 (putting
720 2451 745 2477 a
767 2437 966 2488 full-stop
988 2436 1100 2476 after
1121 2436 1146 2452 “
1169 2439 1341 2488 request
1363 2434 1412 2474 of
1430 2447 1518 2486 you
1535 2433 1595 2486 ”).

303 2500 316 2518 2
351 2493 430 2532 His
453 2506 580 2543 poeni
606 2493 667 2531 [ην
689 2491 950 2543 temporibus
972 2491 1079 2532 suis.

246 2560 340 2603 503
