1837 3029
864 169 1116 217 CICERO

243 300 465 348 cordiam
499 299 666 347 liberis
699 302 803 346 eius
834 302 1200 361 impertiamus,
1231 298 1352 346 nihil
1381 298 1606 356 affertur,
1635 316 1736 363 quo

242 398 406 442 minus
423 411 619 441 summa
640 393 899 456 supplicia,
919 393 1160 456 si—quod
1184 393 1412 456 Iuppiter
1428 410 1578 441 omen
1597 410 1735 441 aver-

243 496 324 537 tat
348 490 572 553 l—pater
609 505 878 551 puerorum
916 491 1107 544 vicerit,
1141 488 1405 535 subeunda
1441 490 1582 535 nobis
1618 491 1733 535 sint.

191 593 217 634 2
243 586 349 633 Nec
394 602 510 632 vero
556 602 637 631 me
682 584 832 648 fugit,
878 601 1030 648 quam
1074 587 1139 631 sit
1184 586 1422 631 acerbum
1465 592 1734 648 parentum

242 683 433 730 scelera
465 682 675 728 filiorum
703 685 877 745 poenis
905 681 991 737 lui,
1018 681 1108 728 sed
1136 680 1230 728 hoc
1257 681 1512 744 praeclare
1540 682 1734 746 legibus

239 786 589 842 comparatum
619 786 714 834 est,
743 786 800 825 ut
827 781 1009 825 caritas
1037 778 1308 825 liberorum
1337 782 1595 826 amiciores
1624 796 1734 842 par—

240 882 386 922 entes
410 878 482 921 rei
506 874 735 937 publicae
760 873 999 920 redderet
1023 889 1034 929 3
1074 876 1250 936 itaque
1276 872 1497 937 Lepidus
1522 873 1736 920 crudelis

239 973 291 1018 in
310 970 509 1025 liberos,
527 985 628 1016 non
647 972 704 1023 is,
725 971 811 1031 qui
829 967 1080 1030 Lepidum
1096 966 1297 1015 hostem
1313 969 1517 1016 iudicat.
1561 969 1735 1032 Atque

239 1064 322 1112 ille
341 1067 381 1112 si
400 1067 547 1110 armis
566 1066 740 1126 positis
760 1063 823 1109 de
842 1065 889 1108 vi
908 1062 1176 1109 damnatus
1197 1069 1349 1118 esset,
1368 1079 1467 1126 quo
1485 1067 1536 1110 in
1553 1062 1735 1110 iudicio

239 1166 378 1206 certe
402 1158 751 1206 defensionem
773 1174 874 1204 non
895 1156 1127 1213 haberet,
1151 1157 1367 1204 eandem
1389 1158 1734 1205 calamitatem

239 1254 468 1302 subirent
505 1253 647 1299 liberi
685 1253 827 1299 bonis
865 1252 1147 1315 publicatis.
1221 1251 1560 1316 Quamquam,
1599 1253 1734 1316 quod

238 1358 330 1399 tua
348 1357 514 1397 mater
539 1357 593 1396 et
618 1366 754 1396 soror
773 1348 1075 1412 deprecatur
1099 1365 1189 1411 pro
1214 1352 1399 1412 pueris,
1419 1349 1470 1396 id
1494 1352 1659 1412 ipsum
1679 1357 1732 1396 et

240 1446 402 1493 multa
436 1445 532 1492 alia
561 1444 840 1491 crudeliora
868 1444 1010 1490 nobis
1041 1445 1272 1490 omnibus
1305 1443 1544 1506 Lepidus,
1573 1446 1734 1491 Anto-

239 1547 350 1591 nius
385 1549 438 1589 et
466 1542 646 1605 reliqui
675 1540 846 1588 hostes
878 1540 1215 1597 denuntiant;
1253 1544 1427 1604 itaque
1458 1544 1732 1588 maximam

238 1657 382 1704 spem
402 1639 496 1687 hoc
516 1646 747 1700 tempore
768 1637 1013 1684 habemus
1034 1640 1086 1683 in
1106 1644 1159 1684 te
1182 1644 1337 1700 atque
1360 1641 1586 1684 exercitu
1606 1645 1696 1685 tuo
1721 1655 1732 1686 ε

237 1754 351 1784 cum
391 1736 455 1783 ad
493 1739 564 1782 rei
603 1735 832 1797 publicae
872 1751 1138 1789 summam,
1176 1741 1287 1780 tum
1327 1733 1391 1781 ad
1429 1734 1638 1798 gloriam
1677 1741 1731 1782 et

238 1832 543 1896 dignitatem
592 1837 733 1876 tuam
772 1829 1103 1875 vehementer
1144 1832 1368 1891 pertinet
1405 1836 1476 1886 te,
1514 1836 1572 1876 ut
1611 1837 1730 1877 ante

237 1932 425 1992 scripsi,
453 1931 503 1974 in
536 1927 735 1973 Italiam
765 1930 933 1972 venire
964 1943 1115 1989 quam
1145 1929 1362 1988 primum
1387 1943 1397 1972 :
1445 1933 1565 1989 eget
1595 1930 1728 1973 enirn

237 2023 567 2071 vehementer
593 2039 706 2068 cum
738 2022 920 2067 viribus
952 2024 1069 2076 tuis,
1095 2027 1206 2067 tum
1237 2023 1393 2067 etiam
1418 2021 1621 2068 consilio
1650 2038 1729 2068 res

187 2130 212 2170 3
237 2121 449 2184 publica.
512 2119 751 2165 Veterem
780 2135 867 2180 pro
895 2121 999 2164 cius
1027 2133 1147 2180 erga
1172 2124 1225 2163 te
1251 2117 1607 2164 benevolentia
1628 2121 1730 2164 sin-

235 2218 497 2279 gularique
535 2216 691 2261 officio
729 2215 946 2260 libenter
985 2231 1046 2259 ex
1085 2217 1184 2260 tuis
1217 2214 1398 2259 litteris
1436 2213 1726 2276 complexus

234 2332 345 2361 sum
381 2329 598 2376 cumque
633 2329 747 2358 cum
781 2315 873 2367 tui,
909 2318 1019 2357 tum
1053 2314 1126 2357 rei
1163 2311 1394 2373 publicae
1428 2311 1728 2358 studiosissi-

234 2427 373 2458 mum
404 2412 904 2470 amantissimumque
938 2410 1162 2467 cognovi.
1231 2406 1524 2454 Ciceronem
1556 2423 1727 2456 meum

235 2507 545 2571 propediem,
594 2512 652 2552 ut
699 2521 862 2568 spero,
918 2504 1133 2561 videb03
1182 2510 1351 2551 tecum
1407 2507 1540 2551 enim
1588 2503 1726 2552 illum

232 2601 325 2652 698
