1837 3029
145 1028 164 1067 l

806 200 1056 247 CICERO

187 345 410 376 annuum
445 346 628 375 munus
665 330 889 376 accedat.
962 328 1111 387 Quod
1149 332 1187 375 si
1233 328 1430 384 feceris,
1465 341 1679 391 magnus

189 431 252 477 ad
276 437 366 477 tua
387 433 599 493 pristina
624 447 743 493 erga
767 447 848 476 me
873 431 1040 477 studia
1064 429 1291 476 cumulus
1317 429 1541 476 accedet.

875 646 1004 692 XIII

426 789 482 822 Μ.
517 791 563 822 Τ.
600 791 640 822 C.
679 791 784 822 1511‘.
822 791 858 821 S.
897 791 939 822 Ρ.
978 791 1024 822 D.
1061 791 1101 822 L.
1139 791 1323 822 PAULLO
1357 789 1455 822 (OS.

732 904 870 946 Tarsi.
895 917 1025 944 A.U.C.
1050 906 1144 943 704.

257 1021 484 1066 Maxime
529 1019 649 1066 mihi
700 1019 797 1066 fuit
841 1026 1075 1081 optatum
1122 1019 1312 1065 Romae
1358 1035 1467 1065 esse
1515 1024 1686 1065 tecum

193 1123 377 1169 multas
401 1123 465 1168 ob
489 1138 681 1176 causas,
705 1122 794 1168 sed
817 1125 1106 1184 praecipue,
1129 1128 1187 1167 ut
1212 1128 1265 1167 et
1288 1124 1338 1166 in
1362 1120 1604 1182 petendo,
1635 1125 1686 1165 et

194 1228 243 1270 in
282 1224 506 1287 gerendo
545 1223 808 1270 consulatu
847 1239 1018 1269 meum
1059 1223 1152 1269 tibi
1194 1223 1424 1269 debitum
1465 1221 1686 1268 studium

194 1329 477 1388 perspicere
513 1340 699 1387 posses,
767 1325 841 1371 Ac
873 1327 1133 1386 petitionis
1167 1324 1373 1386 quidem
1405 1330 1526 1369 tuae
1561 1324 1687 1368 ratio

194 1427 314 1473 mihi
330 1443 529 1489 semper
547 1425 644 1472 fuit
660 1425 921 1488 explorata
941 1441 952 1480 3
984 1425 1073 1472 sed
1091 1432 1267 1472 tamen
1282 1439 1466 1470 navare
1485 1438 1687 1486 operam

195 1528 441 1576 volebam.
492 1527 552 1574 In
576 1527 839 1574 consulatu
870 1543 986 1573 vero
1012 1530 1158 1589 cupio
1184 1526 1421 1589 equidem
1445 1532 1499 1572 te
1528 1527 1690 1571 minus

195 1630 383 1677 habere
416 1632 589 1693 negoti
614 1644 625 1684 3
672 1629 761 1675 sed
790 1628 1003 1675 moleste
1035 1626 1161 1684 fero,
1189 1643 1271 1674 me
1301 1626 1556 1674 consulem
1588 1632 1688 1672 stu-

195 1733 333 1779 dium
368 1739 511 1778 tuum
536 1730 872 1778 adulescentis
904 1733 1239 1792 perspexisse,
1271 1736 1325 1776 te
1357 1744 1546 1784 meum,
1577 1743 1689 1774 cum

146 1841 171 1880 2
195 1834 245 1880 id
282 1836 466 1879 aetatis
499 1835 609 1887 sim,
642 1835 926 1894 perspicere
961 1849 1061 1878 non
1094 1847 1257 1894 posse.
1325 1829 1427 1877 Sed
1460 1832 1551 1885 ita,
1583 1827 1691 1875 fato

197 1939 363 1981 nescio
392 1951 509 1997 quo,
538 1937 808 1997 contigisse
839 1934 1069 1988 arbitror,
1099 1939 1157 1979 ut
1185 1933 1277 1978 tibi
1307 1932 1372 1978 ad
1403 1947 1485 1978 me
1513 1947 1691 1978 ornan-

197 2038 317 2084 dum
347 2051 547 2098 semper
577 2035 727 2082 detur
755 2033 988 2089 facultas,
1019 2033 1140 2079 mihi
1173 2034 1235 2079 ad
1265 2032 1688 2079 remunerandum

198 2137 318 2185 nihil
345 2144 586 2199 suppetat
613 2143 816 2198 praeter
843 2135 1174 2182 voluntatem.
1236 2134 1441 2181 Ornasti
1467 2132 1692 2180 consula-

197 2247 326 2294 tum,
355 2242 542 2285 ornasti
573 2239 793 2284 reditum
824 2253 1010 2283 meum.
1076 2236 1259 2282 Incidit
1289 2251 1459 2281 meum
1488 2242 1690 2297 tempus

198 2358 364 2387 rerum
381 2340 718 2403 gerendarum
737 2342 786 2384 in
803 2342 966 2401 ipsum
985 2337 1300 2384 consulatum
1317 2344 1478 2383 tuum.
1506 2336 1688 2398 Itaque

198 2459 312 2488 cum
349 2449 402 2488 et
430 2448 521 2488 tua
556 2457 751 2487 summa
789 2439 1067 2502 amplitudo
1105 2445 1158 2485 et
1190 2439 1429 2502 dignitas,
1458 2444 1511 2483 et
1546 2453 1687 2482 meus

198 2560 411 2606 magnus
453 2542 609 2589 honos
651 2557 937 2603 magnaque
976 2543 1283 2586 existimatio
1323 2538 1579 2601 postulare
1622 2541 1690 2583 vi-

209 2626 303 2667 282
