1837 3029
849 166 1098 214 CICERO

238 302 357 342 ante
383 294 560 343 lucem.
616 295 691 344 Eo
712 296 792 343 die
816 296 950 358 apud
975 295 1307 358 Pomponium
1327 298 1379 343 in
1408 298 1514 344 eius
1534 296 1721 358 nuptiis

239 378 374 410 eram
429 370 712 410 cenaturus.
818 364 1001 410 Cetera
1055 370 1172 410 sunt
1230 366 1282 410 in
1341 364 1490 410 rebus
1542 365 1721 410 nostris

239 428 520 476 huiusmodi
564 431 641 492 (ut
683 437 739 477 tu
782 430 901 476 mihi
943 429 1050 477 fere
1091 431 1335 477 diffidenti
1378 428 1722 492 praedicabas)

239 496 388 558 plena
426 498 687 559 dignitatis
727 504 779 543 et
816 501 1047 560 gratiae3
1103 514 1232 560 quae
1271 498 1476 560 quidem
1513 504 1619 552 tua,
1656 498 1724 542 mi

239 562 412 617 frater,
454 567 718 625 patientia,
761 567 965 619 virtute,
1006 568 1218 626 pietate,
1259 567 1510 611 suavitate
1552 567 1724 616 etiam,

239 631 331 675 tibi
366 629 588 692 mihique
622 638 739 677 sunt
778 635 1030 678 restituta.
1102 632 1295 678 Domus
1324 632 1416 677 tibi
1446 631 1511 677 ad
1539 629 1724 676 lacum1

241 696 430 743 Pisonis
495 697 752 744 Liciniana
809 699 1057 745 conducta
1109 705 1201 745 est.
1287 696 1403 754 Sed,
1455 704 1513 744 ut
1563 713 1724 760 spero,

240 767 409 824 paucis
442 765 697 811 mensibus
729 772 844 827 post
879 765 1092 812 Kalend.
1129 765 1302 823 Quint.
1336 768 1389 811 in
1419 771 1562 811 tuam
1593 779 1725 810 com-

239 831 491 892 migrabis.
543 831 703 878 Tuam
721 835 771 878 in
789 832 980 878 Carinis
998 833 1168 879 mundi
1188 831 1499 878 habitatores
1518 830 1724 876 Lamiae

239 898 604 945 conduxerunt.
668 899 715 945 A
743 906 796 946 te
825 906 941 961 post
969 899 1101 945 illam
1135 899 1426 946 Olbiensem
1457 897 1724 960 epistulam

239 963 398 1010 nullas
429 964 624 1012 litteras
658 969 842 1028 accepi.
908 965 1040 1024 Quid
1075 983 1194 1029 agas
1228 973 1279 1012 et
1312 973 1369 1012 ut
1400 972 1453 1012 te
1484 964 1725 1018 oblectes,

240 1034 362 1077 seire
381 1035 542 1093 cupio,
559 1037 880 1095 maximeque
898 1037 1117 1096 teipsum
1134 1034 1302 1079 videre
1324 1049 1475 1095 quam
1492 1035 1722 1094 primum.

239 1096 387 1152 Cura,
413 1102 477 1144 mi
506 1098 679 1154 frater,
707 1108 762 1146 ut
789 1100 953 1146 valeas
978 1116 989 1155 ;
1034 1108 1087 1147 et
1112 1116 1419 1162 quamquam
1446 1106 1524 1145 est
1549 1097 1725 1151 hiems,

238 1170 412 1211 tamen
452 1165 729 1213 Sardiniam
771 1170 919 1214 istam
962 1184 1070 1214 esse
1110 1171 1317 1230 cogites,
1386 1182 1462 1213 xv.
1509 1164 1722 1211 Kalend.

239 1230 393 1279 Mart.

946 1320 1017 1367 IV

660 1422 715 1455 M.
753 1424 925 1454 CICERO
962 1424 1004 1460 Q.
1043 1423 1225 1454 FRATRI
1260 1422 1298 1455 S.

757 1505 940 1554 Romae,
962 1519 1095 1547 A.u.c.
1118 1508 1214 1547 698.

299 1587 491 1636 Sestius
515 1597 686 1636 noster
710 1589 967 1637 absolutus
993 1597 1070 1637 est
1095 1607 1138 1637 a.
1165 1590 1212 1637 d.
1240 1606 1304 1636 1v.
1332 1589 1406 1637 Id.
1435 1587 1590 1635 Mart.
1616 1603 1628 1644 3
1653 1594 1723 1643 et,

237 1657 371 1718 quod
416 1656 744 1704 vehementer
787 1657 1017 1704 interfuit
1060 1657 1381 1719 reipublicae,
1425 1656 1613 1703 nullam
1657 1658 1723 1700 vi-

237 1723 342 1769 deri
379 1727 429 1769 in
467 1725 709 1771 eiusmodi
748 1741 895 1771 causa
933 1726 1291 1771 dissensionem
1331 1740 1457 1779 esse,
1494 1722 1723 1769 omnibus

237 1794 502 1836 sententiis
527 1791 782 1837 absolutus
808 1799 898 1838 est.
959 1792 1104 1847 Illud,
1128 1792 1262 1854 quod
1285 1792 1376 1837 tibi
1400 1806 1551 1853 saepe
1575 1805 1722 1836 curae

238 1873 347 1903 esse
376 1857 743 1914 intellexeram,
773 1875 835 1905 ne
865 1862 943 1905 cui
972 1862 1142 1921 iniquo
1170 1858 1566 1921 relinqueremus
1595 1859 1723 1902 vitu-

236 1925 446 1986 perandi
474 1924 656 1981 locum,
686 1929 769 1988 qui
801 1943 888 1972 nos
917 1929 1140 1989 ingratos
1171 1942 1279 1972 esse
1309 1926 1518 1979 diceret,
1547 1926 1640 1969 nisi
1668 1921 1722 1968 il-

235 2000 303 2094 df
323 2000 463 2094 ‘Boo-t:
504 2000 651 2042 lucum
682 2013 797 2050 MSS„
827 2002 900 2042 but
930 2001 1016 2042 luci
1042 2015 1149 2042 were
1174 2001 1399 2054 yenerally
1427 1999 1652 2041 dedicated
1680 2003 1721 2039 to

270 2068 379 2094 evam
406 2068 477 2096 2e3.

300 2145 319 2162 ‘²
349 2140 561 2180 Atticus‘s
585 2143 801 2192 marriage
823 2145 868 2181 to
893 2141 1015 2182 Pilia.

299 2191 317 2216 ὓ
345 2192 438 2233 The
459 2193 578 2233 chief
594 2199 693 2245 port
714 2194 762 2234 of
781 2194 999 2235 Sardinia.

298 2250 314 2271 ⁰
345 2248 384 2286 A
408 2247 679 2300 notoriously
700 2248 943 2300 unhealthy
966 2247 1107 2288 island
1129 2249 1173 2288 in
1193 2246 1268 2288 the
1286 2260 1481 2288 summer
1500 2245 1690 2287 months.

295 2298 315 2323 ‘¹
346 2299 514 2341 Sestius
552 2301 639 2341 had
679 2301 788 2353 kept
822 2315 850 2342 a
887 2302 1007 2342 band
1045 2302 1094 2342 of
1127 2301 1279 2342 armed
1318 2314 1418 2342 men
1455 2300 1619 2352 during
1656 2300 1721 2340 his

240 2353 461 2394 tribunate
496 2356 537 2394 in
574 2355 646 2394 the
682 2355 919 2406 preceding
947 2369 1051 2406 year
1078 2360 1122 2395 to
1151 2369 1315 2406 oppose
1348 2355 1393 2395 P.
1425 2354 1604 2395 Clodius
1632 2352 1718 2392 and

240 2407 306 2446 his
328 2408 503 2458 roughs.
557 2409 625 2448 lle
648 2409 734 2448 liud
756 2410 970 2449 therefore
992 2409 1101 2450 been
1122 2408 1308 2449 accused
1330 2408 1379 2448 of
1396 2409 1462 2448 vis
1483 2406 1721 2459 (breaking

239 2461 312 2501 the
338 2462 503 2512 peace),
533 2462 634 2502 with
662 2463 735 2503 the
762 2462 894 2503 result
921 2463 1022 2504 here
1048 2462 1290 2503 described.
1347 2461 1537 2503 Cicero's
1562 2459 1720 2513 speech

238 2527 296 2554 on
317 2515 390 2554 the
412 2517 612 2555 occasion
638 2518 670 2555 is
692 2516 777 2556 still
798 2521 960 2557 extant.

241 2584 336 2632 494,
