<?xml version="1.0" encoding="UTF-8"?>
<!DOCTYPE html PUBLIC "-//W3C//DTD XHTML 1.0 Transitional//EN"
    "http://www.w3.org/TR/xhtml1/DTD/xhtml1-transitional.dtd">
<html xmlns="http://www.w3.org/1999/xhtml" xml:lang="en" lang="en">
 <head>
  <title>
</title>
<meta http-equiv="Content-Type" content="text/html;charset=utf-8" />
  <meta name='ocr-system' content='tesseract 3.04.00' />
  <meta name='ocr-capabilities' content='ocr_page ocr_carea ocr_par ocr_line ocrx_word'/>
</head>
<body>
  <div class='ocr_page' id='page_1' title='image "./letterstohisfrie03ciceuoft_0554.png"; bbox 0 0 1837 3029; ppageno 0'>
   <div class='ocr_carea' id='block_1_1' title="bbox 881 158 1131 206">
    <p class='ocr_par' dir='ltr' id='par_1_1' title="bbox 881 158 1131 206">
     <span class='ocr_line' id='line_1_1' title="bbox 881 158 1131 206; baseline 0 0"><span class='ocrx_word' id='word_1_1' title='bbox 881 158 1131 206; x_wconf 88' lang='lat' dir='ltr'><strong>CICERO</strong></span> 
     </span>
    </p>
   </div>
   <div class='ocr_carea' id='block_1_2' title="bbox 212 287 1753 1880">
    <p class='ocr_par' dir='ltr' id='par_1_2' title="bbox 263 287 1746 352">
     <span class='ocr_line' id='line_1_2' title="bbox 263 287 1746 352; baseline 0 -17"><span class='ocrx_word' id='word_1_2' title='bbox 263 289 497 352; x_wconf 82' lang='lat' dir='ltr'><strong>imploret</strong></span> <span class='ocrx_word' id='word_1_3' title='bbox 533 290 683 337; x_wconf 86' lang='lat' dir='ltr'>fidem</span> <span class='ocrx_word' id='word_1_4' title='bbox 721 289 850 337; x_wconf 93' lang='lat' dir='ltr'>Iovis</span> <span class='ocrx_word' id='word_1_5' title='bbox 887 288 1180 351; x_wconf 75' lang='lat' dir='ltr'>Hospitalis,</span> <span class='ocrx_word' id='word_1_6' title='bbox 1216 287 1392 335; x_wconf 90' lang='lat' dir='ltr'>Graios</span> <span class='ocrx_word' id='word_1_7' title='bbox 1427 304 1601 335; x_wconf 90' lang='lat' dir='ltr'>omnes</span> <span class='ocrx_word' id='word_1_8' title='bbox 1636 304 1746 335; x_wconf 89' lang='lat' dir='ltr'>con-</span> 
     </span>
    </p>

    <p class='ocr_par' dir='ltr' id='par_1_3' title="bbox 212 354 1750 1090">
     <span class='ocr_line' id='line_1_3' title="bbox 212 354 1750 420; baseline -0.001 -16"><span class='ocrx_word' id='word_1_9' title='bbox 212 365 239 403; x_wconf 87' lang='lat'>4</span> <span class='ocrx_word' id='word_1_10' title='bbox 264 364 425 413; x_wconf 88' lang='lat' dir='ltr'>vocet,</span> <span class='ocrx_word' id='word_1_11' title='bbox 466 373 557 420; x_wconf 92' lang='lat' dir='ltr'>per</span> <span class='ocrx_word' id='word_1_12' title='bbox 597 373 720 419; x_wconf 94' lang='lat' dir='ltr'>quos</span> <span class='ocrx_word' id='word_1_13' title='bbox 761 372 961 404; x_wconf 91' lang='lat' dir='ltr'>mecum</span> <span class='ocrx_word' id='word_1_14' title='bbox 1001 360 1051 402; x_wconf 93' lang='lat' dir='ltr'>in</span> <span class='ocrx_word' id='word_1_15' title='bbox 1092 358 1310 419; x_wconf 80' lang='lat' dir='ltr'>gratiam</span> <span class='ocrx_word' id='word_1_16' title='bbox 1349 355 1515 403; x_wconf 85' lang='lat' dir='ltr'>rediit.</span> <span class='ocrx_word' id='word_1_17' title='bbox 1589 354 1750 402; x_wconf 89' lang='lat' dir='ltr'>Theo-</span> 
     </span>
     <span class='ocr_line' id='line_1_4' title="bbox 262 421 1750 487; baseline -0.001 -17"><span class='ocrx_word' id='word_1_18' title='bbox 262 441 448 487; x_wconf 90' lang='lat' dir='ltr'>pompo</span> <span class='ocrx_word' id='word_1_19' title='bbox 475 423 853 470; x_wconf 81' lang='lat' dir='ltr'>satisfaciemus.</span> <span class='ocrx_word' id='word_1_20' title='bbox 917 423 997 470; x_wconf 92' lang='lat' dir='ltr'>De</span> <span class='ocrx_word' id='word_1_21' title='bbox 1025 423 1240 469; x_wconf 86' lang='lat' dir='ltr'>Caesare</span> <span class='ocrx_word' id='word_1_22' title='bbox 1268 421 1472 486; x_wconf 77' lang='lat' dir='ltr'>fugerat</span> <span class='ocrx_word' id='word_1_23' title='bbox 1496 425 1579 468; x_wconf 90' lang='lat' dir='ltr'>me</span> <span class='ocrx_word' id='word_1_24' title='bbox 1606 422 1671 469; x_wconf 88' lang='lat' dir='ltr'>ad</span> <span class='ocrx_word' id='word_1_25' title='bbox 1696 428 1750 469; x_wconf 91' lang='lat' dir='ltr'>te</span> 
     </span>
     <span class='ocr_line' id='line_1_5' title="bbox 265 489 1747 553; baseline 0 -17"><span class='ocrx_word' id='word_1_26' title='bbox 265 492 494 538; x_wconf 85' lang='lat' dir='ltr'>scribere.</span> <span class='ocrx_word' id='word_1_27' title='bbox 565 491 723 537; x_wconf 76' lang='lat' dir='ltr'>Video</span> <span class='ocrx_word' id='word_1_28' title='bbox 760 494 910 545; x_wconf 86' lang='lat' dir='ltr'>enim,</span> <span class='ocrx_word' id='word_1_29' title='bbox 946 507 1070 553; x_wconf 91' lang='lat' dir='ltr'>quas</span> <span class='ocrx_word' id='word_1_30' title='bbox 1105 497 1162 536; x_wconf 90' lang='lat' dir='ltr'>tu</span> <span class='ocrx_word' id='word_1_31' title='bbox 1196 489 1391 536; x_wconf 85' lang='lat' dir='ltr'>litteras</span> <span class='ocrx_word' id='word_1_32' title='bbox 1427 491 1747 552; x_wconf 86' lang='lat' dir='ltr'>exspectaris.</span> 
     </span>
     <span class='ocr_line' id='line_1_6' title="bbox 264 555 1748 619; baseline -0.001 -16"><span class='ocrx_word' id='word_1_33' title='bbox 264 558 363 604; x_wconf 89' lang='lat' dir='ltr'>Sed</span> <span class='ocrx_word' id='word_1_34' title='bbox 391 557 472 603; x_wconf 90' lang='lat' dir='ltr'>ille</span> <span class='ocrx_word' id='word_1_35' title='bbox 502 561 697 619; x_wconf 81' lang='lat' dir='ltr'>scripsit</span> <span class='ocrx_word' id='word_1_36' title='bbox 726 558 789 603; x_wconf 90' lang='lat' dir='ltr'>ad</span> <span class='ocrx_word' id='word_1_37' title='bbox 818 557 1048 613; x_wconf 84' lang='lat' dir='ltr'>Balbum,</span> <span class='ocrx_word' id='word_1_38' title='bbox 1076 556 1367 603; x_wconf 88' lang='lat' dir='ltr'>fasciculum</span> <span class='ocrx_word' id='word_1_39' title='bbox 1394 555 1533 602; x_wconf 90' lang='lat' dir='ltr'>illum</span> <span class='ocrx_word' id='word_1_40' title='bbox 1563 559 1748 618; x_wconf 83' lang='lat' dir='ltr'>epistu-</span> 
     </span>
     <span class='ocr_line' id='line_1_7' title="bbox 264 623 1749 687; baseline -0.001 -17"><span class='ocrx_word' id='word_1_41' title='bbox 264 625 440 678; x_wconf 83' lang='lat' dir='ltr'>larum,</span> <span class='ocrx_word' id='word_1_42' title='bbox 464 628 512 670; x_wconf 90' lang='lat' dir='ltr'>in</span> <span class='ocrx_word' id='word_1_43' title='bbox 536 642 635 687; x_wconf 92' lang='lat' dir='ltr'>quo</span> <span class='ocrx_word' id='word_1_44' title='bbox 657 623 824 671; x_wconf 86' lang='lat' dir='ltr'>fuerat</span> <span class='ocrx_word' id='word_1_45' title='bbox 848 632 901 671; x_wconf 89' lang='lat' dir='ltr'>et</span> <span class='ocrx_word' id='word_1_46' title='bbox 922 641 1037 670; x_wconf 89' lang='lat' dir='ltr'>mea</span> <span class='ocrx_word' id='word_1_47' title='bbox 1060 631 1114 671; x_wconf 91' lang='lat' dir='ltr'>et</span> <span class='ocrx_word' id='word_1_48' title='bbox 1134 623 1294 679; x_wconf 85' lang='lat' dir='ltr'>Balbi,</span> <span class='ocrx_word' id='word_1_49' title='bbox 1316 630 1482 670; x_wconf 88' lang='lat' dir='ltr'>totum</span> <span class='ocrx_word' id='word_1_50' title='bbox 1505 624 1596 670; x_wconf 89' lang='lat' dir='ltr'>sibi</span> <span class='ocrx_word' id='word_1_51' title='bbox 1619 639 1749 686; x_wconf 88' lang='lat' dir='ltr'>aqua</span> 
     </span>
     <span class='ocr_line' id='line_1_8' title="bbox 263 690 1749 754; baseline -0.001 -16"><span class='ocrx_word' id='word_1_52' title='bbox 263 692 522 738; x_wconf 86' lang='lat' dir='ltr'>madidum</span> <span class='ocrx_word' id='word_1_53' title='bbox 559 692 814 739; x_wconf 89' lang='lat' dir='ltr'>redditum</span> <span class='ocrx_word' id='word_1_54' title='bbox 853 708 978 746; x_wconf 90' lang='lat' dir='ltr'>esse,</span> <span class='ocrx_word' id='word_1_55' title='bbox 1015 698 1073 737; x_wconf 87' lang='lat' dir='ltr'>ut</span> <span class='ocrx_word' id='word_1_56' title='bbox 1109 707 1174 737; x_wconf 89' lang='lat' dir='ltr'>ne</span> <span class='ocrx_word' id='word_1_57' title='bbox 1210 690 1331 737; x_wconf 89' lang='lat' dir='ltr'>illud</span> <span class='ocrx_word' id='word_1_58' title='bbox 1368 691 1572 754; x_wconf 90' lang='lat' dir='ltr'>quidem</span> <span class='ocrx_word' id='word_1_59' title='bbox 1607 694 1749 745; x_wconf 88' lang='lat' dir='ltr'>sciat,</span> 
     </span>
     <span class='ocr_line' id='line_1_9' title="bbox 263 756 1749 821; baseline -0.001 -17"><span class='ocrx_word' id='word_1_60' title='bbox 263 774 431 804; x_wconf 88' lang='lat' dir='ltr'>meam</span> <span class='ocrx_word' id='word_1_61' title='bbox 462 758 614 805; x_wconf 90' lang='lat' dir='ltr'>fuisse</span> <span class='ocrx_word' id='word_1_62' title='bbox 647 758 866 821; x_wconf 88' lang='lat' dir='ltr'>aliquam</span> <span class='ocrx_word' id='word_1_63' title='bbox 899 758 1182 821; x_wconf 87' lang='lat' dir='ltr'>epistulam.</span> <span class='ocrx_word' id='word_1_64' title='bbox 1248 757 1348 805; x_wconf 89' lang='lat' dir='ltr'>Sed</span> <span class='ocrx_word' id='word_1_65' title='bbox 1379 773 1443 804; x_wconf 89' lang='lat' dir='ltr'>ex</span> <span class='ocrx_word' id='word_1_66' title='bbox 1473 756 1615 804; x_wconf 89' lang='lat' dir='ltr'>Balbi</span> <span class='ocrx_word' id='word_1_67' title='bbox 1647 758 1749 819; x_wconf 89' lang='lat' dir='ltr'>epi-</span> 
     </span>
     <span class='ocr_line' id='line_1_10' title="bbox 263 822 1749 888; baseline -0.002 -16"><span class='ocrx_word' id='word_1_68' title='bbox 263 825 392 872; x_wconf 89' lang='lat' dir='ltr'>stola</span> <span class='ocrx_word' id='word_1_69' title='bbox 417 842 578 888; x_wconf 87' lang='lat' dir='ltr'>pauca</span> <span class='ocrx_word' id='word_1_70' title='bbox 605 827 757 872; x_wconf 89' lang='lat' dir='ltr'>verba</span> <span class='ocrx_word' id='word_1_71' title='bbox 782 825 1122 882; x_wconf 86' lang='lat' dir='ltr'>intellexerat,</span> <span class='ocrx_word' id='word_1_72' title='bbox 1150 825 1214 872; x_wconf 90' lang='lat' dir='ltr'>ad</span> <span class='ocrx_word' id='word_1_73' title='bbox 1240 841 1370 888; x_wconf 89' lang='lat' dir='ltr'>quae</span> <span class='ocrx_word' id='word_1_74' title='bbox 1397 826 1650 887; x_wconf 84' lang='lat' dir='ltr'>rescripsit</span> <span class='ocrx_word' id='word_1_75' title='bbox 1673 822 1749 870; x_wconf 94' lang='lat' dir='ltr'>his</span> 
     </span>
     <span class='ocr_line' id='line_1_11' title="bbox 264 892 1749 955; baseline -0.001 -17"><span class='ocrx_word' id='word_1_76' title='bbox 264 893 425 939; x_wconf 90' lang='lat' dir='ltr'>verbis</span> <span class='ocrx_word' id='word_1_77' title='bbox 450 910 461 939; x_wconf 73' lang='grc' dir='ltr'>ε</span> <span class='ocrx_word' id='word_1_78' title='bbox 504 892 531 910; x_wconf 89' lang='lat'><em>“</em></span> <span class='ocrx_word' id='word_1_79' title='bbox 553 893 633 939; x_wconf 94' lang='lat' dir='ltr'>De</span> <span class='ocrx_word' id='word_1_80' title='bbox 670 893 910 940; x_wconf 88' lang='lat' dir='ltr'>Cicerone</span> <span class='ocrx_word' id='word_1_81' title='bbox 940 893 1086 940; x_wconf 88' lang='lat' dir='ltr'>video</span> <span class='ocrx_word' id='word_1_82' title='bbox 1117 899 1172 939; x_wconf 90' lang='lat' dir='ltr'>te</span> <span class='ocrx_word' id='word_1_83' title='bbox 1208 892 1450 955; x_wconf 90' lang='lat' dir='ltr'>quiddam</span> <span class='ocrx_word' id='word_1_84' title='bbox 1481 894 1749 954; x_wconf 89' lang='lat' dir='ltr'>scripsisse,</span> 
     </span>
     <span class='ocr_line' id='line_1_12' title="bbox 264 959 1749 1023; baseline -0.001 -18"><span class='ocrx_word' id='word_1_85' title='bbox 264 961 399 1022; x_wconf 89' lang='lat' dir='ltr'>quod</span> <span class='ocrx_word' id='word_1_86' title='bbox 428 976 523 1023; x_wconf 89' lang='lat' dir='ltr'>ego</span> <span class='ocrx_word' id='word_1_87' title='bbox 551 977 651 1007; x_wconf 90' lang='lat' dir='ltr'>non</span> <span class='ocrx_word' id='word_1_88' title='bbox 677 959 905 1006; x_wconf 85' lang='lat' dir='ltr'>intellexi</span> <span class='ocrx_word' id='word_1_89' title='bbox 928 976 940 1015; x_wconf 85' lang='lat'><em>3</em></span> <span class='ocrx_word' id='word_1_90' title='bbox 986 967 1234 1023; x_wconf 90' lang='lat' dir='ltr'>quantum</span> <span class='ocrx_word' id='word_1_91' title='bbox 1262 966 1435 1006; x_wconf 89' lang='lat' dir='ltr'>autem</span> <span class='ocrx_word' id='word_1_92' title='bbox 1463 962 1749 1005; x_wconf 87' lang='lat' dir='ltr'>coniectura</span> 
     </span>
     <span class='ocr_line' id='line_1_13' title="bbox 263 1024 1749 1090; baseline -0.001 -18"><span class='ocrx_word' id='word_1_93' title='bbox 263 1028 623 1090; x_wconf 89' lang='lat' dir='ltr'>consequebar,</span> <span class='ocrx_word' id='word_1_94' title='bbox 654 1028 707 1074; x_wconf 92' lang='lat' dir='ltr'>id</span> <span class='ocrx_word' id='word_1_95' title='bbox 739 1035 848 1073; x_wconf 89' lang='lat' dir='ltr'>erat</span> <span class='ocrx_word' id='word_1_96' title='bbox 881 1027 1141 1082; x_wconf 88' lang='lat' dir='ltr'>eiusmodi,</span> <span class='ocrx_word' id='word_1_97' title='bbox 1173 1033 1231 1073; x_wconf 87' lang='lat' dir='ltr'>ut</span> <span class='ocrx_word' id='word_1_98' title='bbox 1261 1029 1421 1090; x_wconf 89' lang='lat' dir='ltr'>magis</span> <span class='ocrx_word' id='word_1_99' title='bbox 1453 1024 1749 1089; x_wconf 88' lang='lat' dir='ltr'>optandum,</span> 
     </span>
    </p>

    <p class='ocr_par' dir='ltr' id='par_1_4' title="bbox 217 1091 1753 1880">
     <span class='ocr_line' id='line_1_14' title="bbox 217 1091 1750 1157; baseline -0.001 -18"><span class='ocrx_word' id='word_1_100' title='bbox 217 1110 243 1147; x_wconf 85' lang='lat'><strong><em>5</em></strong></span> <span class='ocrx_word' id='word_1_101' title='bbox 265 1111 415 1156; x_wconf 85' lang='lat' dir='ltr'>quam</span> <span class='ocrx_word' id='word_1_102' title='bbox 446 1095 749 1157; x_wconf 91' lang='lat' dir='ltr'>sperandum</span> <span class='ocrx_word' id='word_1_103' title='bbox 779 1094 1063 1156; x_wconf 89' lang='lat' dir='ltr'>putarem.’&#39;</span> <span class='ocrx_word' id='word_1_104' title='bbox 1132 1093 1314 1156; x_wconf 89' lang='lat' dir='ltr'>Itaque</span> <span class='ocrx_word' id='word_1_105' title='bbox 1344 1100 1523 1156; x_wconf 88' lang='lat' dir='ltr'>postea</span> <span class='ocrx_word' id='word_1_106' title='bbox 1546 1096 1657 1139; x_wconf 89' lang='lat' dir='ltr'>misi</span> <span class='ocrx_word' id='word_1_107' title='bbox 1686 1091 1750 1139; x_wconf 86' lang='lat' dir='ltr'>ad</span> 
     </span>
     <span class='ocr_line' id='line_1_15' title="bbox 266 1160 1747 1223; baseline -0.001 -17"><span class='ocrx_word' id='word_1_108' title='bbox 266 1162 534 1207; x_wconf 76' lang='lat' dir='ltr'>Caesarem</span> <span class='ocrx_word' id='word_1_109' title='bbox 557 1162 735 1209; x_wconf 89' lang='lat' dir='ltr'>eodem</span> <span class='ocrx_word' id='word_1_110' title='bbox 757 1161 839 1208; x_wconf 94' lang='lat' dir='ltr'>illo</span> <span class='ocrx_word' id='word_1_111' title='bbox 862 1161 1095 1223; x_wconf 83' lang='lat' dir='ltr'>exemplo</span> <span class='ocrx_word' id='word_1_112' title='bbox 1115 1160 1325 1207; x_wconf 85' lang='lat' dir='ltr'>litteras.</span> <span class='ocrx_word' id='word_1_113' title='bbox 1383 1160 1556 1207; x_wconf 88' lang='lat' dir='ltr'>Iocum</span> <span class='ocrx_word' id='word_1_114' title='bbox 1579 1166 1747 1206; x_wconf 88' lang='lat' dir='ltr'>autern</span> 
     </span>
     <span class='ocr_line' id='line_1_16' title="bbox 265 1227 1750 1291; baseline 0 -19"><span class='ocrx_word' id='word_1_115' title='bbox 265 1227 392 1274; x_wconf 90' lang='lat' dir='ltr'>illius</span> <span class='ocrx_word' id='word_1_116' title='bbox 412 1229 475 1275; x_wconf 90' lang='lat' dir='ltr'>de</span> <span class='ocrx_word' id='word_1_117' title='bbox 493 1244 584 1275; x_wconf 86' lang='lat' dir='ltr'>Sua</span> <span class='ocrx_word' id='word_1_118' title='bbox 603 1236 834 1291; x_wconf 85' lang='lat' dir='ltr'>egestate</span> <span class='ocrx_word' id='word_1_119' title='bbox 854 1245 918 1274; x_wconf 92' lang='lat' dir='ltr'>ne</span> <span class='ocrx_word' id='word_1_120' title='bbox 937 1231 1000 1275; x_wconf 92' lang='lat' dir='ltr'>sis</span> <span class='ocrx_word' id='word_1_121' title='bbox 1021 1235 1331 1290; x_wconf 88' lang='lat' dir='ltr'>aspernatus.</span> <span class='ocrx_word' id='word_1_122' title='bbox 1385 1228 1467 1274; x_wconf 89' lang='lat' dir='ltr'>Ad</span> <span class='ocrx_word' id='word_1_123' title='bbox 1484 1242 1636 1290; x_wconf 84' lang='lat' dir='ltr'>quern</span> <span class='ocrx_word' id='word_1_124' title='bbox 1656 1242 1750 1290; x_wconf 86' lang='lat' dir='ltr'>ego</span> 
     </span>
     <span class='ocr_line' id='line_1_17' title="bbox 266 1294 1751 1358; baseline -0.001 -18"><span class='ocrx_word' id='word_1_125' title='bbox 266 1298 509 1357; x_wconf 85' lang='lat' dir='ltr'>rescripsi,</span> <span class='ocrx_word' id='word_1_126' title='bbox 528 1294 649 1341; x_wconf 91' lang='lat' dir='ltr'>nihil</span> <span class='ocrx_word' id='word_1_127' title='bbox 668 1311 793 1351; x_wconf 90' lang='lat' dir='ltr'>esse,</span> <span class='ocrx_word' id='word_1_128' title='bbox 811 1295 947 1358; x_wconf 93' lang='lat' dir='ltr'>quod</span> <span class='ocrx_word' id='word_1_129' title='bbox 962 1295 1172 1358; x_wconf 88' lang='lat' dir='ltr'>posthac</span> <span class='ocrx_word' id='word_1_130' title='bbox 1190 1310 1334 1341; x_wconf 87' lang='lat' dir='ltr'>arcae</span> <span class='ocrx_word' id='word_1_131' title='bbox 1353 1301 1553 1340; x_wconf 90' lang='lat' dir='ltr'>nostrae</span> <span class='ocrx_word' id='word_1_132' title='bbox 1571 1294 1751 1340; x_wconf 86' lang='lat' dir='ltr'>fiducia</span> 
     </span>
     <span class='ocr_line' id='line_1_18' title="bbox 265 1360 1752 1426; baseline 0 -19"><span class='ocrx_word' id='word_1_133' title='bbox 265 1364 593 1409; x_wconf 88' lang='lat' dir='ltr'>conturbaret</span> <span class='ocrx_word' id='word_1_134' title='bbox 616 1378 628 1418; x_wconf 92' lang='grc'>;</span> <span class='ocrx_word' id='word_1_135' title='bbox 670 1362 865 1425; x_wconf 92' lang='lat' dir='ltr'>lusique</span> <span class='ocrx_word' id='word_1_136' title='bbox 898 1366 949 1408; x_wconf 90' lang='lat' dir='ltr'>in</span> <span class='ocrx_word' id='word_1_137' title='bbox 979 1379 1040 1409; x_wconf 91' lang='lat' dir='ltr'>eo</span> <span class='ocrx_word' id='word_1_138' title='bbox 1064 1365 1253 1426; x_wconf 82' lang='lat' dir='ltr'>genere</span> <span class='ocrx_word' id='word_1_139' title='bbox 1280 1368 1334 1408; x_wconf 90' lang='lat' dir='ltr'>et</span> <span class='ocrx_word' id='word_1_140' title='bbox 1357 1360 1670 1408; x_wconf 88' lang='lat' dir='ltr'>familiariter</span> <span class='ocrx_word' id='word_1_141' title='bbox 1698 1367 1752 1407; x_wconf 86' lang='lat' dir='ltr'>et</span> 
     </span>
     <span class='ocr_line' id='line_1_19' title="bbox 266 1427 1753 1493; baseline -0.001 -18"><span class='ocrx_word' id='word_1_142' title='bbox 266 1445 378 1475; x_wconf 90' lang='lat' dir='ltr'>cum</span> <span class='ocrx_word' id='word_1_143' title='bbox 405 1430 672 1493; x_wconf 88' lang='lat' dir='ltr'>dignitate.</span> <span class='ocrx_word' id='word_1_144' title='bbox 728 1431 885 1476; x_wconf 91' lang='lat' dir='ltr'>Amor</span> <span class='ocrx_word' id='word_1_145' title='bbox 909 1437 1083 1476; x_wconf 89' lang='lat' dir='ltr'>autem</span> <span class='ocrx_word' id='word_1_146' title='bbox 1109 1432 1214 1476; x_wconf 91' lang='lat' dir='ltr'>eius</span> <span class='ocrx_word' id='word_1_147' title='bbox 1241 1445 1362 1493; x_wconf 88' lang='lat' dir='ltr'>erga</span> <span class='ocrx_word' id='word_1_148' title='bbox 1385 1444 1479 1476; x_wconf 87' lang='lat' dir='ltr'>nos</span> <span class='ocrx_word' id='word_1_149' title='bbox 1499 1427 1753 1491; x_wconf 86' lang='lat' dir='ltr'>perfertur</span> 
     </span>
     <span class='ocr_line' id='line_1_20' title="bbox 266 1494 1751 1561; baseline -0.001 -19"><span class='ocrx_word' id='word_1_150' title='bbox 266 1500 489 1543; x_wconf 89' lang='lat' dir='ltr'>omnium</span> <span class='ocrx_word' id='word_1_151' title='bbox 524 1499 711 1543; x_wconf 88' lang='lat' dir='ltr'>nuntiis</span> <span class='ocrx_word' id='word_1_152' title='bbox 742 1496 1019 1561; x_wconf 87' lang='lat' dir='ltr'>singularis.</span> <span class='ocrx_word' id='word_1_153' title='bbox 1088 1495 1317 1543; x_wconf 86' lang='lat' dir='ltr'>Litterae</span> <span class='ocrx_word' id='word_1_154' title='bbox 1350 1495 1555 1559; x_wconf 92' lang='lat' dir='ltr'>quidem</span> <span class='ocrx_word' id='word_1_155' title='bbox 1588 1495 1652 1542; x_wconf 88' lang='lat' dir='ltr'>ad</span> <span class='ocrx_word' id='word_1_156' title='bbox 1683 1494 1751 1551; x_wconf 88' lang='lat' dir='ltr'>id,</span> 
     </span>
     <span class='ocr_line' id='line_1_21' title="bbox 267 1563 1752 1626; baseline -0.001 -16"><span class='ocrx_word' id='word_1_157' title='bbox 267 1564 401 1626; x_wconf 90' lang='lat' dir='ltr'>quod</span> <span class='ocrx_word' id='word_1_158' title='bbox 450 1571 732 1626; x_wconf 87' lang='lat' dir='ltr'>exspectas,</span> <span class='ocrx_word' id='word_1_159' title='bbox 779 1563 886 1610; x_wconf 91' lang='lat' dir='ltr'>fere</span> <span class='ocrx_word' id='word_1_160' title='bbox 934 1581 1047 1610; x_wconf 92' lang='lat' dir='ltr'>cum</span> <span class='ocrx_word' id='word_1_161' title='bbox 1095 1571 1184 1610; x_wconf 92' lang='lat' dir='ltr'>tuo</span> <span class='ocrx_word' id='word_1_162' title='bbox 1230 1563 1398 1610; x_wconf 91' lang='lat' dir='ltr'>reditu</span> <span class='ocrx_word' id='word_1_163' title='bbox 1444 1566 1752 1626; x_wconf 61' lang='lat' dir='ltr'>iungentum</span> 
     </span>
     <span class='ocr_line' id='line_1_22' title="bbox 266 1628 1753 1694; baseline -0.001 -18"><span class='ocrx_word' id='word_1_164' title='bbox 266 1630 459 1693; x_wconf 90' lang='lat' dir='ltr'>reliqua</span> <span class='ocrx_word' id='word_1_165' title='bbox 486 1631 793 1694; x_wconf 91' lang='lat' dir='ltr'>singulorum</span> <span class='ocrx_word' id='word_1_166' title='bbox 822 1631 1017 1678; x_wconf 89' lang='lat' dir='ltr'>dierum</span> <span class='ocrx_word' id='word_1_167' title='bbox 1045 1631 1318 1677; x_wconf 87' lang='lat' dir='ltr'>scribemus</span> <span class='ocrx_word' id='word_1_168' title='bbox 1347 1630 1410 1677; x_wconf 90' lang='lat' dir='ltr'>ad</span> <span class='ocrx_word' id='word_1_169' title='bbox 1438 1636 1509 1685; x_wconf 90' lang='lat' dir='ltr'>te,</span> <span class='ocrx_word' id='word_1_170' title='bbox 1537 1633 1576 1676; x_wconf 90' lang='lat' dir='ltr'>si</span> <span class='ocrx_word' id='word_1_171' title='bbox 1603 1628 1753 1675; x_wconf 93' lang='lat' dir='ltr'>modo</span> 
     </span>
     <span class='ocr_line' id='line_1_23' title="bbox 267 1695 1752 1761; baseline -0.001 -18"><span class='ocrx_word' id='word_1_172' title='bbox 267 1697 553 1744; x_wconf 88' lang='lat' dir='ltr'>tabellarios</span> <span class='ocrx_word' id='word_1_173' title='bbox 574 1706 631 1745; x_wconf 89' lang='lat' dir='ltr'>tu</span> <span class='ocrx_word' id='word_1_174' title='bbox 651 1699 934 1761; x_wconf 88' lang='lat' dir='ltr'>praebebis.</span> <span class='ocrx_word' id='word_1_175' title='bbox 990 1697 1312 1760; x_wconf 84' lang='lat' dir='ltr'>Quamquam</span> <span class='ocrx_word' id='word_1_176' title='bbox 1334 1697 1576 1744; x_wconf 90' lang='lat' dir='ltr'>eiusmodi</span> <span class='ocrx_word' id='word_1_177' title='bbox 1597 1695 1752 1759; x_wconf 88' lang='lat' dir='ltr'>frigus</span> 
     </span>
     <span class='ocr_line' id='line_1_24' title="bbox 267 1765 1753 1828; baseline -0.001 -18"><span class='ocrx_word' id='word_1_178' title='bbox 267 1766 614 1826; x_wconf 88' lang='lat' dir='ltr'>impendebat,</span> <span class='ocrx_word' id='word_1_179' title='bbox 644 1773 700 1812; x_wconf 88' lang='lat' dir='ltr'>ut</span> <span class='ocrx_word' id='word_1_180' title='bbox 728 1782 980 1812; x_wconf 90' lang='lat' dir='ltr'>summum</span> <span class='ocrx_word' id='word_1_181' title='bbox 1007 1765 1285 1828; x_wconf 90' lang='lat' dir='ltr'>periculum</span> <span class='ocrx_word' id='word_1_182' title='bbox 1314 1771 1466 1821; x_wconf 89' lang='lat' dir='ltr'>esset,</span> <span class='ocrx_word' id='word_1_183' title='bbox 1494 1780 1559 1811; x_wconf 91' lang='lat' dir='ltr'>ne</span> <span class='ocrx_word' id='word_1_184' title='bbox 1588 1765 1753 1827; x_wconf 91' lang='lat' dir='ltr'>Appio</span> 
     </span>
     <span class='ocr_line' id='line_1_25' title="bbox 267 1833 869 1880; baseline 0.003 -2"><span class='ocrx_word' id='word_1_185' title='bbox 267 1848 386 1878; x_wconf 85' lang='lat' dir='ltr'>suae</span> <span class='ocrx_word' id='word_1_186' title='bbox 413 1833 564 1879; x_wconf 93' lang='lat' dir='ltr'>aedes</span> <span class='ocrx_word' id='word_1_187' title='bbox 589 1840 869 1880; x_wconf 89' lang='lat' dir='ltr'>urerentur.</span> 
     </span>
    </p>
   </div>
   <div class='ocr_carea' id='block_1_3' title="bbox 270 1929 1755 2519">
    <p class='ocr_par' dir='ltr' id='par_1_5' title="bbox 270 1929 1755 2304">
     <span class='ocr_line' id='line_1_26' title="bbox 327 1929 1752 1982; baseline -0.001 -13"><span class='ocrx_word' id='word_1_188' title='bbox 327 1935 345 1953; x_wconf 83' lang='lat'>⁰</span> <span class='ocrx_word' id='word_1_189' title='bbox 377 1931 461 1978; x_wconf 62' lang='lat'>220„</span> <span class='ocrx_word' id='word_1_190' title='bbox 493 1934 584 1971; x_wconf 81' lang='grc' dir='ltr'>Ζεὺς</span> <span class='ocrx_word' id='word_1_191' title='bbox 614 1932 762 1971; x_wconf 81' lang='grc' dir='ltr'>Ξένιος.</span> <span class='ocrx_word' id='word_1_192' title='bbox 823 1930 905 1971; x_wconf 89' lang='lat' dir='ltr'>We</span> <span class='ocrx_word' id='word_1_193' title='bbox 935 1943 1018 1970; x_wconf 87' lang='lat' dir='ltr'>can</span> <span class='ocrx_word' id='word_1_194' title='bbox 1051 1930 1155 1982; x_wconf 91' lang='lat' dir='ltr'>only</span> <span class='ocrx_word' id='word_1_195' title='bbox 1186 1929 1434 1981; x_wconf 89' lang='lat' dir='ltr'>conjecture</span> <span class='ocrx_word' id='word_1_196' title='bbox 1462 1929 1560 1970; x_wconf 87' lang='lat' dir='ltr'>that</span> <span class='ocrx_word' id='word_1_197' title='bbox 1588 1929 1752 1969; x_wconf 85' lang='lat' dir='ltr'>certain</span> 
     </span>
     <span class='ocr_line' id='line_1_27' title="bbox 270 1980 1752 2036; baseline 0.001 -15"><span class='ocrx_word' id='word_1_198' title='bbox 270 1982 440 2023; x_wconf 57' lang='lat' dir='ltr'>Greeks</span> <span class='ocrx_word' id='word_1_199' title='bbox 466 1984 622 2036; x_wconf 83' lang='lat' dir='ltr'>helped</span> <span class='ocrx_word' id='word_1_200' title='bbox 649 1989 693 2025; x_wconf 76' lang='lat' dir='ltr'>to</span> <span class='ocrx_word' id='word_1_201' title='bbox 717 1985 844 2025; x_wconf 82' lang='lat' dir='ltr'>effect</span> <span class='ocrx_word' id='word_1_202' title='bbox 868 1998 893 2024; x_wconf 86' lang='lat' dir='ltr'>a</span> <span class='ocrx_word' id='word_1_203' title='bbox 920 1984 1244 2025; x_wconf 88' lang='lat' dir='ltr'>reconciliation</span> <span class='ocrx_word' id='word_1_204' title='bbox 1271 1984 1464 2024; x_wconf 81' lang='lat' dir='ltr'>between</span> <span class='ocrx_word' id='word_1_205' title='bbox 1490 1982 1641 2024; x_wconf 82' lang='lat' dir='ltr'>Cicero</span> <span class='ocrx_word' id='word_1_206' title='bbox 1664 1980 1752 2022; x_wconf 89' lang='lat' dir='ltr'>and</span> 
     </span>
     <span class='ocr_line' id='line_1_28' title="bbox 271 2039 1754 2144; baseline -0.001 -13"><span class='ocrx_word' id='word_1_207' title='bbox 271 2039 462 2140; x_wconf 40' lang='lat' dir='ltr'>Altippig’</span> <span class='ocrx_word' id='word_1_208' title='bbox 497 2092 704 2142; x_wconf 84' lang='lat' dir='ltr'>Quintus.</span> <span class='ocrx_word' id='word_1_209' title='bbox 765 2091 901 2133; x_wconf 85' lang='lat' dir='ltr'>What</span> <span class='ocrx_word' id='word_1_210' title='bbox 941 2091 1104 2133; x_wconf 90' lang='lat' dir='ltr'>Caesar</span> <span class='ocrx_word' id='word_1_211' title='bbox 1143 2090 1357 2144; x_wconf 85' lang='lat' dir='ltr'>gathered</span> <span class='ocrx_word' id='word_1_212' title='bbox 1398 2090 1514 2131; x_wconf 87' lang='lat' dir='ltr'>from</span> <span class='ocrx_word' id='word_1_213' title='bbox 1548 2088 1754 2132; x_wconf 87' lang='lat' dir='ltr'>Balbus’s</span> 
     </span>
     <span class='ocr_line' id='line_1_29' title="bbox 273 2143 1755 2199; baseline -0.001 -15"><span class='ocrx_word' id='word_1_214' title='bbox 273 2143 396 2185; x_wconf 88' lang='lat' dir='ltr'>letter</span> <span class='ocrx_word' id='word_1_215' title='bbox 431 2159 518 2186; x_wconf 87' lang='lat' dir='ltr'>was</span> <span class='ocrx_word' id='word_1_216' title='bbox 552 2145 772 2199; x_wconf 87' lang='lat' dir='ltr'>probably</span> <span class='ocrx_word' id='word_1_217' title='bbox 805 2146 902 2187; x_wconf 89' lang='lat' dir='ltr'>that</span> <span class='ocrx_word' id='word_1_218' title='bbox 935 2144 1128 2196; x_wconf 86' lang='lat' dir='ltr'>Quintus</span> <span class='ocrx_word' id='word_1_219' title='bbox 1162 2158 1252 2186; x_wconf 86' lang='lat' dir='ltr'>was</span> <span class='ocrx_word' id='word_1_220' title='bbox 1284 2143 1499 2198; x_wconf 85' lang='lat' dir='ltr'>prepared</span> <span class='ocrx_word' id='word_1_221' title='bbox 1532 2148 1579 2185; x_wconf 90' lang='lat' dir='ltr'>to</span> <span class='ocrx_word' id='word_1_222' title='bbox 1611 2143 1755 2184; x_wconf 86' lang='lat' dir='ltr'>desert</span> 
     </span>
     <span class='ocr_line' id='line_1_30' title="bbox 275 2198 1755 2251; baseline -0.001 -13"><span class='ocrx_word' id='word_1_223' title='bbox 275 2198 470 2250; x_wconf 77' lang='lat' dir='ltr'>Pompey</span> <span class='ocrx_word' id='word_1_224' title='bbox 499 2199 587 2239; x_wconf 91' lang='lat' dir='ltr'>and</span> <span class='ocrx_word' id='word_1_225' title='bbox 615 2212 740 2240; x_wconf 89' lang='lat' dir='ltr'>come</span> <span class='ocrx_word' id='word_1_226' title='bbox 767 2213 869 2240; x_wconf 91' lang='lat' dir='ltr'>over</span> <span class='ocrx_word' id='word_1_227' title='bbox 895 2204 941 2240; x_wconf 92' lang='lat' dir='ltr'>to</span> <span class='ocrx_word' id='word_1_228' title='bbox 969 2200 1074 2240; x_wconf 88' lang='lat' dir='ltr'>him.</span> <span class='ocrx_word' id='word_1_229' title='bbox 1132 2198 1294 2240; x_wconf 87' lang='lat' dir='ltr'>Caesar</span> <span class='ocrx_word' id='word_1_230' title='bbox 1320 2198 1511 2251; x_wconf 83' lang='lat' dir='ltr'>thought</span> <span class='ocrx_word' id='word_1_231' title='bbox 1538 2198 1611 2238; x_wconf 90' lang='lat' dir='ltr'>the</span> <span class='ocrx_word' id='word_1_232' title='bbox 1638 2208 1755 2238; x_wconf 84' lang='lat' dir='ltr'>news</span> 
     </span>
     <span class='ocr_line' id='line_1_31' title="bbox 274 2253 944 2304; baseline 0.004 -13"><span class='ocrx_word' id='word_1_233' title='bbox 274 2266 361 2291; x_wconf 88' lang='lat' dir='ltr'>was</span> <span class='ocrx_word' id='word_1_234' title='bbox 384 2256 407 2267; x_wconf 70' lang='lat'>“⁸</span> <span class='ocrx_word' id='word_1_235' title='bbox 431 2258 502 2292; x_wconf 73' lang='lat' dir='ltr'>too</span> <span class='ocrx_word' id='word_1_236' title='bbox 523 2253 640 2304; x_wconf 78' lang='lat' dir='ltr'>good</span> <span class='ocrx_word' id='word_1_237' title='bbox 662 2258 707 2293; x_wconf 87' lang='lat' dir='ltr'>to</span> <span class='ocrx_word' id='word_1_238' title='bbox 729 2254 783 2294; x_wconf 91' lang='lat' dir='ltr'>be</span> <span class='ocrx_word' id='word_1_239' title='bbox 804 2254 944 2294; x_wconf 83' lang='lat' dir='ltr'>true.”</span> 
     </span>
    </p>

    <p class='ocr_par' dir='ltr' id='par_1_6' title="bbox 271 2303 1754 2519">
     <span class='ocr_line' id='line_1_32' title="bbox 332 2303 1754 2359; baseline -0.001 -14"><span class='ocrx_word' id='word_1_240' title='bbox 332 2310 347 2329; x_wconf 79' lang='lat'><strong><em>⁶</em></strong></span> <span class='ocrx_word' id='word_1_241' title='bbox 378 2306 483 2345; x_wconf 74' lang='lat' dir='ltr'>&#39;l‘his</span> <span class='ocrx_word' id='word_1_242' title='bbox 519 2310 720 2347; x_wconf 64' lang='lat' dir='ltr'>sentence</span> <span class='ocrx_word' id='word_1_243' title='bbox 751 2320 854 2358; x_wconf 86' lang='lat' dir='ltr'>may</span> <span class='ocrx_word' id='word_1_244' title='bbox 884 2308 938 2348; x_wconf 91' lang='lat' dir='ltr'>be</span> <span class='ocrx_word' id='word_1_245' title='bbox 973 2305 1273 2359; x_wconf 88' lang='lat' dir='ltr'>paraphrased</span> <span class='ocrx_word' id='word_1_246' title='bbox 1310 2306 1441 2346; x_wconf 84' lang='lat' dir='ltr'>thus:</span> <span class='ocrx_word' id='word_1_247' title='bbox 1494 2303 1645 2345; x_wconf 85' lang='lat' dir='ltr'>“And</span> <span class='ocrx_word' id='word_1_248' title='bbox 1680 2307 1754 2356; x_wconf 89' lang='lat' dir='ltr'>yet</span> 
     </span>
     <span class='ocr_line' id='line_1_33' title="bbox 272 2357 1754 2413; baseline 0 -16"><span class='ocrx_word' id='word_1_249' title='bbox 272 2359 411 2404; x_wconf 81' lang='lat' dir='ltr'>(there</span> <span class='ocrx_word' id='word_1_250' title='bbox 440 2360 522 2399; x_wconf 81' lang='lat' dir='ltr'>will</span> <span class='ocrx_word' id='word_1_251' title='bbox 554 2361 605 2399; x_wconf 84' lang='lat' dir='ltr'>he</span> <span class='ocrx_word' id='word_1_252' title='bbox 633 2360 740 2401; x_wconf 88' lang='lat' dir='ltr'>little</span> <span class='ocrx_word' id='word_1_253' title='bbox 767 2365 812 2401; x_wconf 83' lang='lat' dir='ltr'>to</span> <span class='ocrx_word' id='word_1_254' title='bbox 839 2360 913 2401; x_wconf 83' lang='lat' dir='ltr'>tell</span> <span class='ocrx_word' id='word_1_255' title='bbox 940 2375 1027 2413; x_wconf 83' lang='lat' dir='ltr'>you</span> <span class='ocrx_word' id='word_1_256' title='bbox 1056 2361 1260 2412; x_wconf 83' lang='lat' dir='ltr'>because)</span> <span class='ocrx_word' id='word_1_257' title='bbox 1289 2359 1500 2412; x_wconf 75' lang='lat' dir='ltr'>Appius‘s</span> <span class='ocrx_word' id='word_1_258' title='bbox 1526 2357 1754 2410; x_wconf 85' lang='lat' dir='ltr'>proposals</span> 
     </span>
     <span class='ocr_line' id='line_1_34' title="bbox 272 2412 1752 2466; baseline 0 -15"><span class='ocrx_word' id='word_1_259' title='bbox 272 2426 346 2452; x_wconf 87' lang='lat' dir='ltr'>are</span> <span class='ocrx_word' id='word_1_260' title='bbox 381 2426 430 2452; x_wconf 84' lang='lat' dir='ltr'>so</span> <span class='ocrx_word' id='word_1_261' title='bbox 465 2415 608 2465; x_wconf 77' lang='lat' dir='ltr'>colclly</span> <span class='ocrx_word' id='word_1_262' title='bbox 647 2414 839 2454; x_wconf 79' lang='lat' dir='ltr'>received</span> <span class='ocrx_word' id='word_1_263' title='bbox 877 2415 972 2454; x_wconf 86' lang='lat' dir='ltr'>that</span> <span class='ocrx_word' id='word_1_264' title='bbox 1007 2414 1128 2454; x_wconf 81' lang='lat' dir='ltr'>there</span> <span class='ocrx_word' id='word_1_265' title='bbox 1165 2427 1268 2466; x_wconf 90' lang='lat' dir='ltr'>may</span> <span class='ocrx_word' id='word_1_266' title='bbox 1305 2413 1359 2454; x_wconf 91' lang='lat' dir='ltr'>be</span> <span class='ocrx_word' id='word_1_267' title='bbox 1393 2426 1420 2453; x_wconf 90' lang='lat' dir='ltr'>a</span> <span class='ocrx_word' id='word_1_268' title='bbox 1456 2414 1525 2453; x_wconf 75' lang='lat' dir='ltr'>hot</span> <span class='ocrx_word' id='word_1_269' title='bbox 1562 2412 1752 2452; x_wconf 86' lang='lat' dir='ltr'>reaction</span> 
     </span>
     <span class='ocr_line' id='line_1_35' title="bbox 271 2467 1751 2519; baseline 0.002 -15"><span class='ocrx_word' id='word_1_270' title='bbox 271 2468 444 2518; x_wconf 79' lang='lat' dir='ltr'>against</span> <span class='ocrx_word' id='word_1_271' title='bbox 506 2469 594 2507; x_wconf 84' lang='lat' dir='ltr'>him</span> <span class='ocrx_word' id='word_1_272' title='bbox 617 2468 726 2507; x_wconf 77' lang='lat' dir='ltr'>&#39;&#39;—---a</span> <span class='ocrx_word' id='word_1_273' title='bbox 785 2472 929 2519; x_wconf 78' lang='lat' dir='ltr'>pretty</span> <span class='ocrx_word' id='word_1_274' title='bbox 990 2470 1184 2507; x_wconf 77' lang='lat' dir='ltr'>instance</span> <span class='ocrx_word' id='word_1_275' title='bbox 1240 2467 1290 2509; x_wconf 84' lang='lat' dir='ltr'>of</span> <span class='ocrx_word' id='word_1_276' title='bbox 1336 2469 1442 2519; x_wconf 83' lang='grc' dir='ltr'>παρὰ</span> <span class='ocrx_word' id='word_1_277' title='bbox 1500 2468 1751 2518; x_wconf 82' lang='grc' dir='ltr'>προσδοκίαν.</span> 
     </span>
    </p>
   </div>
   <div class='ocr_carea' id='block_1_4' title="bbox 276 2578 367 2618">
    <p class='ocr_par' dir='ltr' id='par_1_7' title="bbox 276 2578 367 2618">
     <span class='ocr_line' id='line_1_36' title="bbox 276 2578 367 2618; baseline 0.011 -1"><span class='ocrx_word' id='word_1_278' title='bbox 276 2578 367 2618; x_wconf 69' lang='lat'>522</span> 
     </span>
    </p>
   </div>
  </div>
 </body>
</html>
