1837 3029
852 162 1101 209 CICERO

943 310 1014 358 IV

637 456 692 489 Μ.
718 457 891 488 CICERO
914 457 951 487 S.
978 457 1025 488 D.
1051 457 1094 494 Q.
1122 456 1303 488 FRATRI

664 568 1014 615 Thessalonicae,
1038 583 1167 609 immac.
1191 573 1287 611 696.

190 703 209 742 1
299 690 497 738 Amabo
533 695 604 743 te,
640 689 709 734 mi
745 685 918 741 frater,
955 703 1035 742 ne,
1072 689 1111 733 si
1149 703 1247 734 uno
1283 703 1398 735 meo
1432 686 1540 735 fato
1575 695 1629 736 et
1662 695 1718 736 tu

238 795 290 834 et
325 802 498 833 omnes
532 787 631 831 mei
666 787 935 838 corruistis,
970 785 1279 845 improbitati
1315 791 1369 831 et
1401 784 1574 832 sceleri
1607 803 1721 833 meo

237 887 422 947 potius,
473 900 625 946 quam
676 881 1048 943 imprudentiae
1099 884 1431 944 miseriaeque
1483 887 1719 943 assignes.

238 981 440 1028 Nullum
473 987 548 1026 est
578 996 745 1025 meum
779 987 1060 1040 peccatum,
1091 982 1181 1023 nisi
1213 979 1347 1040 quod
1375 981 1431 1025 iis
1461 981 1666 1036 credidi,
1693 998 1723 1028 a

238 1081 419 1144 quibus
463 1077 602 1123 nefas
645 1084 877 1139 putaram
923 1093 1030 1122 esse
1074 1093 1154 1121 me
1198 1077 1378 1137 decipi,
1421 1085 1510 1124 aut
1551 1083 1723 1136 etiam,

239 1178 419 1240 quibus
451 1192 513 1221 ne
543 1175 593 1220 id
626 1174 864 1235 expedire
896 1173 1098 1234 quidem
1131 1174 1424 1219 arbitrabar.
1494 1175 1725 1234 Intimus,

239 1276 512 1338 proximus,
539 1271 948 1318 familiarissimus
976 1251 1187 1333 quisque
1216 1277 1304 1317 aut
1329 1272 1420 1317 sibi
1447 1277 1725 1334 pertimuit,

240 1379 330 1419 aut
351 1369 470 1416 mihi
495 1370 687 1415 invidit.
760 1368 837 1414 Ita
861 1367 981 1412 mihi
1007 1367 1124 1413 nihi]
1149 1371 1330 1414 misero
1351 1377 1554 1431 praeter
1576 1372 1723 1420 fidem

192 1477 217 1516 2
242 1471 530 1520 amicorum,
556 1472 759 1511 cautum
787 1482 955 1510 meum
983 1464 1238 1511 consilium
1267 1464 1445 1513 defuit.
1515 1468 1662 1526 Quod
1687 1475 1725 1517 si

241 1573 294 1613 te
321 1567 441 1611 satis
467 1565 755 1609 innocentia
778 1569 868 1608 tua
899 1569 952 1608 et
983 1562 1321 1609 misericordia
1344 1562 1600 1612 hominum
1625 1571 1727 1614 vin-

241 1662 376 1710 dieat
404 1660 497 1707 hoc
525 1667 754 1721 tempore
783 1675 812 1705 a
839 1658 1086 1714 molestia,
1114 1663 1352 1721 perspicis
1378 1661 1623 1723 profecto,
1651 1682 1728 1713 ec-

241 1775 492 1822 quaenam
533 1757 674 1803 nobis
715 1772 827 1818 spes
868 1756 1041 1802 salutis
1081 1756 1408 1820 relinquatur.
1477 1759 1607 1806 Nam
1646 1780 1727 1810 me

243 1855 546 1918 Pomponius
574 1860 627 1900 et
652 1852 842 1899 Sestius
870 1861 923 1899 et
950 1853 1061 1900 Piso
1088 1860 1258 1901 noster
1283 1855 1447 1903 adhuc
1470 1856 1728 1906 Thessalo-

242 1956 384 1999 nicae
431 1954 768 2005 retinuerunt,
815 1967 929 1996 cum
977 1950 1172 2014 longius
1219 1951 1477 2000 discedere
1525 1964 1730 2019 propter

243 2051 409 2096 nescio
464 2064 587 2111 quos
641 2054 808 2094 motus
863 2054 1110 2094 vetarent.
1180 2047 1365 2095 Verum
1422 2066 1516 2115 ego
1570 2057 1728 2116 magis

243 2149 436 2192 exitum
461 2145 655 2191 illorum
680 2145 878 2200 litteris,
903 2162 1052 2208 quam
1079 2161 1166 2208 spe
1191 2154 1330 2193 certa
1354 2151 1727 2210 exspectabam.

245 2243 372 2289 Nam
398 2243 517 2305 quid
540 2258 755 2304 sperem,
778 2245 1128 2304 potentissimo
1150 2246 1365 2300 inimico,
1388 2245 1728 2296 dominatione

243 2341 660 2394 obtrectatorum,
700 2339 982 2386 infidelibus
1023 2344 1210 2396 amicis,
1249 2341 1472 2404 pluribus
1511 2329 1728 2392 invidis?

193 2447 218 2487 3
240 2437 320 2483 De
347 2439 484 2483 novis
511 2444 681 2482 autem
710 2438 921 2483 tribunis
948 2437 1106 2499 plebis
1133 2445 1210 2484 est
1236 2438 1316 2485 ille
1343 2440 1546 2504 quidem
1573 2443 1622 2486 in
1647 2459 1728 2489 me

250 2548 348 2595 470
