1837 3029
861 193 1113 240 CICERO

239 323 461 382 potuisse
488 321 698 376 diceret,
723 325 806 385 qui
835 339 862 368 a
888 330 939 369 te
967 326 1348 385 praetermissus
1374 329 1523 370 esset.
1585 321 1728 385 Magi»

240 421 359 450 num
403 403 621 452 fructum
667 423 728 453 ex
773 409 880 469 ipso
923 410 1125 469 capies;
1188 407 1307 453 nihil
1352 414 1430 454 est
1473 410 1607 454 enim
1651 406 1732 452 illo

240 488 565 536 adulescente
601 494 810 553 gratius.
889 490 988 537 Sed
1033 490 1320 537 mehercule
1365 490 1485 537 mihi
1530 505 1731 554 quoque

238 576 579 635 gratissimum
609 573 807 630 fecisti3
856 575 1009 637 pluris
1041 579 1174 622 enim
1207 593 1269 622 ex
1301 578 1436 622 omni
1467 574 1732 622 nobilitate

239 660 493 703 neminem
527 657 670 705 facio.
739 659 939 722 Itaque,
972 663 1010 706 si
1045 676 1105 706 ea
1138 659 1333 715 feceris,
1367 676 1497 722 quae
1529 658 1611 705 ille
1643 673 1733 720 per

237 757 319 787 me
374 748 543 788 tecum
600 746 681 806 agi
736 743 910 799 voluit,
964 747 1304 807 gratissimum
1360 743 1481 789 mihi
1536 741 1729 789 feceris.

237 823 459 872 Primum
504 827 567 873 de
612 826 859 874 Pausania
903 828 1266 883 Alabandensi,
1308 835 1564 874 sustentes
1607 843 1731 880 rem,

236 909 357 956 dum
398 910 535 958 Nero
572 915 756 960 veniat.
831 912 1176 960 Vehementer
1215 916 1320 959 eius
1359 929 1511 960 eausa
1547 926 1730 973 cupere

238 1011 352 1040 eum
389 996 653 1052 intellexi3
707 1000 881 1060 itaque
918 996 1011 1043 hoc
1049 997 1193 1044 valde
1230 1004 1284 1044 te
1320 1014 1457 1060 rogo.
1530 994 1730 1042 Deinde

238 1077 481 1141 Nysaeos,
533 1097 656 1142 quos
709 1080 843 1128 Nero
893 1084 944 1127 in
996 1084 1166 1144 primis
1219 1080 1376 1127 habet
1427 1081 1730 1140 necessarios

235 1160 720 1226 diligentissimeque
771 1171 946 1211 tuetur
996 1182 1052 1211 ac
1102 1163 1350 1220 defendit,
1401 1163 1590 1210 habeas
1638 1162 1727 1209 tibi

234 1248 752 1295 eommendatissimos
777 1264 788 1304 ;
838 1256 894 1295 ut
924 1249 1191 1313 intellegat
1221 1249 1304 1295 illa
1333 1252 1526 1303 civitas,
1557 1247 1649 1294 sibi
1678 1249 1728 1292 in

236 1329 447 1378 Neronis
476 1336 755 1394 patrocinio
785 1350 1035 1379 summum
1070 1350 1178 1380 esse
1207 1333 1530 1395 praesidium.
1595 1331 1728 1378 Stra-

234 1415 418 1462 bonem
454 1415 716 1464 Servilium
751 1419 841 1465 tibi
878 1435 1030 1481 saepe
1066 1407 1449 1473 commendavi;
1502 1434 1634 1463 nune
1669 1432 1729 1462 eo

234 1498 362 1548 facio
410 1502 461 1548 id
509 1505 801 1564 impensius,
850 1504 984 1566 quod
1035 1507 1140 1550 eius
1189 1521 1391 1550 eausam
1442 1502 1576 1550 Nero
1624 1518 1727 1548 sus·

233 1588 384 1646 cepit.
449 1585 670 1632 Tantum
702 1604 732 1633 a
763 1594 817 1634 te
849 1591 1087 1650 petimus,
1120 1595 1177 1634 ut
1209 1605 1330 1651 agas
1363 1604 1475 1634 eam
1507 1603 1632 1642 rem,
1665 1601 1728 1632 ne

234 1669 485 1732 relinquas
523 1670 778 1718 hominem
815 1675 1138 1719 innocentem
1177 1673 1241 1719 ad
1278 1672 1483 1718 alieuius
1520 1674 1595 1718 tui
1632 1670 1727 1717 dis-

234 1755 404 1801 similis
445 1763 728 1818 quaestum.
805 1757 866 1804 Id
905 1774 1018 1804 cum
1058 1764 1261 1821 gratum
1302 1756 1423 1803 mihi
1465 1760 1578 1812 erit,
1617 1762 1725 1803 tum

235 1841 389 1884 etiam
438 1841 756 1896 existimabo,
804 1848 857 1887 te
904 1840 1223 1888 humanitate
1271 1849 1361 1888 tua
1408 1858 1516 1888 esse
1565 1857 1724 1887 usum.

186 1929 210 1967 2
234 1922 439 1970 Summa
475 1924 619 1971 huius
655 1926 903 1988 epistulae
937 1926 1062 1973 haec
1097 1934 1191 1982 est,
1227 1933 1283 1973 ut
1316 1943 1462 1973 ornes
1496 1926 1726 1972 omnibus

235 2009 383 2055 rebus
413 2009 684 2066 Neronem,
710 2014 839 2057 sieut
865 2015 1127 2058 instituisti
1156 2019 1311 2074 atque
1338 2010 1516 2057 fecisti.
1580 2010 1726 2073 Mag-

234 2109 354 2138 num
400 2093 657 2141 theatrum
702 2094 860 2142 habet
902 2099 999 2142 ista
1041 2099 1312 2157 provincia,
1358 2112 1455 2142 non
1502 2101 1558 2141 ut
1601 2093 1725 2140 haec

235 2184 422 2233 nostra,
453 2179 518 2225 ad
546 2178 882 2227 adulescentis
912 2180 1106 2235 nobilis,
1136 2183 1398 2243 ingeniosi,
1424 2179 1724 2235 ¹abstinentis

233 2263 726 2310 commendationem
760 2271 914 2327 atque
947 2264 1172 2328 gloriam.
1241 2265 1428 2323 Quare,
1460 2267 1498 2310 si
1532 2270 1585 2310 te
1617 2262 1723 2310 fau-

234 2361 343 2402 tore
377 2373 492 2402 usus
525 2361 637 2412 erit,
669 2360 813 2404 sicuti
846 2357 1072 2420 profecto
1106 2365 1158 2404 et
1191 2365 1364 2405 utetur
1395 2364 1449 2404 et
1480 2373 1607 2419 usus.
1628 2364 1723 2419 est,

599 2533 617 2551 ⁰
646 2528 739 2569 'l‘he
760 2529 915 2581 people
935 2531 986 2570 of
1004 2530 1127 2581 Nysa
1149 2531 1192 2570 in
1213 2529 1358 2571 Caria.

247 2598 335 2639 148
