1837 3029
836 196 1087 244 CICERO

218 330 481 389 posterius.
541 326 758 388 Tempto
787 329 921 372 enim
948 332 1020 380 te,
1047 341 1146 387 quo
1173 327 1340 370 animo
1367 325 1595 385 accipias.
1652 321 1701 368 Si

218 398 351 440 enim
382 393 765 439 stomachabere
798 400 851 439 et
882 392 1094 438 moleste
1127 390 1276 446 feres,
1308 390 1450 453 plura
1480 391 1703 436 dicemus

218 460 702 523 postulabimusque‚
730 476 790 505 ex
829 476 929 521 qua
959 458 1135 519 αἱρέσει
1161 458 1206 504 υἱ
1231 457 1487 503 hominibus
1513 456 1704 503 armatis

218 529 445 574 deiectus
466 531 548 582 sis,
569 531 619 572 in
642 543 756 572 eam
777 530 1062 572 restituare.
1119 525 1178 571 In
1200 524 1293 571 hoc
1314 525 1584 570 interdicto
1605 540 1703 569 non

219 594 347 641 solet
377 595 512 649 addi,
540 593 587 640 in
617 594 701 639 Ιιοο
729 609 865 639 anno.
930 593 1100 651 Quare
1130 596 1168 638 si
1198 596 1298 638 iam
1328 593 1587 638 biennium
1617 597 1704 637 aut

221 665 491 708 triennium
524 667 619 715 est,
650 677 764 706 cum
808 663 980 706 virtuti
1023 663 1256 706 nuntium
1302 661 1556 713 remisisti,
1585 657 1706 704 deli-

222 732 354 774 nitus
388 727 633 773 illecebris
666 727 958 789 voluptatis,
990 730 1041 773 in
1073 730 1273 789 integro
1306 742 1385 772 res
1419 726 1560 771 nobis
1594 727 1704 770 erit.

221 794 543 858 Quamquam
564 797 766 857 quicum
789 794 963 856 loquor
985 794 1002 839 ?
1042 810 1155 839 cum
1178 810 1277 839 uno
1297 791 1567 839 fortissimo
1587 794 1708 846 viro,

222 865 324 925 qui,
366 869 700 924 posteaquam
743 860 906 907 forum
951 863 1185 923 attigisti,
1228 859 1349 906 nihil
1390 857 1573 914 fecisti,
1615 861 1707 904 nisi

223 929 566 990 plenissimum
613 927 948 990 amplissimae
995 928 1273 991 dignitatis
1355 926 1414 973 In
1458 929 1557 972 ista
1600 928 1710 988 ipsa

225 995 417 1057 αἱρέσει,
457 1003 650 1051 metuo,
691 1012 755 1042 ne
807 994 918 1058 plus
977 1011 1244 1041 nervorum
1295 997 1378 1049 sit,
1419 1009 1572 1056 quam
1613 1008 1709 1055 ego

224 1066 463 1125 putarim,
502 1066 542 1109 si
582 1063 732 1109 modo
774 1079 886 1108 eam
928 1069 985 1108 ut
1024 1063 1222 1124 probas.
1297 1060 1396 1119 Qui
1435 1060 1487 1107 id
1526 1060 1619 1106 tibi
1658 1063 1709 1104 in

226 1137 452 1176 mentem
479 1133 618 1176 venit
640 1130 658 1176 ?
703 1133 914 1192 inquies.
976 1128 1109 1187 Quia
1133 1127 1255 1174 nihil
1279 1127 1531 1174 habebam
1557 1125 1710 1181 aliud,

226 1197 362 1259 quod
398 1198 683 1243 scriberem.
756 1197 835 1243 De
872 1196 1129 1258 republica
1166 1199 1299 1242 enim
1338 1193 1459 1240 nihil
1493 1194 1710 1240 scribere

226 1281 428 1327 possum
453 1281 463 1311 2
499 1280 664 1327 neque
689 1267 842 1319 enim,
866 1264 1000 1326 quod
1024 1266 1206 1319 sentio,
1227 1262 1353 1308 libet
1375 1261 1608 1308 scribere.

896 1490 1042 1537 XVII

606 1635 662 1669 M.
697 1636 742 1667 Τ.
780 1636 820 1667 c.
857 1635 894 1666 s.
933 1636 976 1667 ι».
1015 1636 1060 1666 n.
1097 1636 1138 1666 c.
1174 1634 1336 1666 CASSIO

744 1749 927 1797 Romae,
949 1763 1080 1790 A.U.C.
1103 1751 1199 1789 709.

181 1863 202 1904 1
293 1856 648 1918 Praeposteros
686 1855 841 1901 habes
879 1854 1200 1910 tabellarios;
1256 1856 1351 1901 etsi
1388 1870 1470 1900 me
1507 1854 1711 1917 quidem

229 1942 326 1970 non
362 1922 659 1977 offendunt,
712 1924 801 1969 sed
836 1929 1028 1977 tamen,
1062 1939 1176 1968 cum
1225 1938 1253 1967 a
1300 1938 1381 1967 me
1429 1921 1712 1977 discedunt,

229 1992 462 2054 flagitant
497 1990 726 2044 litteras3
773 2007 885 2035 cum
921 1989 984 2035 ad
1020 2005 1101 2035 me
1139 1992 1364 2042 veniunt,
1401 1987 1559 2035 nullas
1595 1987 1712 2035 affe-

230 2066 362 2104 runt.
427 2059 599 2119 Atque
631 2057 680 2103 id
711 2060 875 2118 ipsum
906 2055 1133 2102 facerent
1164 2055 1490 2110 commodius,
1521 2059 1557 2101 si
1591 2055 1711 2101 mihi

231 2125 416 2187 aliquid
457 2127 586 2186 spati
629 2125 691 2170 ad
731 2124 1049 2170 scribendum
1091 2123 1307 2177 darent3
1364 2122 1453 2169 sed
1492 2126 1712 2184 petasati

292 2291 310 2309 ‘¹
343 2291 370 2307 ‘⁶
388 2286 539 2325 Cicero
563 2289 805 2336 represents
829 2285 1006 2324 Cassius
1028 2297 1077 2323 as
1099 2283 1265 2333 having
1287 2283 1397 2322 been
1420 2283 1574 2323 ousted
1596 2286 1711 2324 from

235 2340 307 2379 the
340 2339 460 2379 Stoic
493 2338 756 2390 philosophy
791 2338 850 2389 by
883 2338 957 2378 the
989 2350 1106 2377 arms
1139 2338 1190 2377 of
1217 2338 1393 2382 Caesar,
1427 2336 1514 2377 aud
1549 2337 1711 2390 having

234 2393 465 2432 embraced
489 2393 561 2432 the
586 2393 832 2443 Epicurean
854 2396 993 2431 tenets
1015 2392 1066 2430 of
1084 2391 1155 2430 the
1177 2390 1348 2430 latter?
1405 2390 1588 2442 Tyrrell.

294 2449 309 2472 ὓ
344 2448 471 2486 From
495 2447 633 2486 which
655 2446 727 2486 the.
749 2448 950 2496 previous
972 2445 1112 2484 words
1131 2458 1205 2484 are
1225 2445 1404 2495 quoted.

297 2506 311 2524 ⁶
341 2501 434 2540 The
453 2515 590 2540 summ
600 2515 669 2540 um
689 2500 844 2539 bonum
866 2501 916 2538 of
932 2499 1004 2539 the
1028 2499 1311 2549 Epicureans.

293 2555 311 2578 ‘¹
346 2553 552 2605 Literally
576 2556 600 2570 ‘⁸
624 2554 724 2594 with
748 2553 859 2593 their
880 2552 1111 2604 travelling
1130 2566 1235 2604 caps
1257 2552 1362 2594 on.”

241 2624 332 2672 ‘293
