1837 3029
857 171 1108 220 CICERO

238 304 460 367 denique
491 302 705 359 vultum,
737 307 979 357 animum,
1010 319 1295 349 sermonem
1327 305 1452 359 eius,
1482 304 1723 367 quemad-

239 374 446 422 modum
459 375 668 429 conicio,
684 377 827 436 quasi
842 371 1163 420 dedidicisse1
1182 388 1192 427 ;
1207 372 1298 419 sed
1312 371 1438 420 haec
1451 380 1511 420 tu
1525 375 1722 422 videris.

162 451 217 490 24
241 444 322 492 De
348 445 656 498 suburbano,
682 459 819 499 cura,
847 450 906 489 ut
931 446 1103 498 sciam,
1131 443 1253 506 quid
1279 443 1401 490 velis
1424 459 1436 500 ;
1482 451 1537 492 et
1561 445 1726 501 simul,

241 531 306 562 ne
333 515 455 578 quid
481 514 564 560 ille
591 515 785 570 turbet,
813 513 942 560 vide.
1012 512 1148 572 Quid
1174 515 1482 576 praeterea?
1550 515 1685 574 Quid
1707 517 1725 563 ?

241 585 428 632 Etiam.
499 585 743 632 Gabinius
787 601 830 630 a.
869 584 918 631 d.
964 599 1029 630 1v.
1079 583 1189 630 Kal.
1229 584 1436 631 Octobr.
1481 594 1634 633 noctu
1675 590 1727 633 in

244 656 438 704 Urbem
474 658 735 711 introivit;
793 662 847 701 et
880 653 1032 701 hodie
1067 653 1116 700 h.
1154 670 1284 710 vm„
1318 671 1432 702 cum
1470 657 1636 703 edicto
1670 656 1725 705 C.

243 727 342 775 Alfi
384 727 449 775 de
483 730 755 772 maiestate
797 742 914 772 eum
956 726 1133 773 adesse
1175 733 1453 789 oporteret,
1486 745 1728 777 concursu

242 814 429 862 magno
469 805 523 844 et
561 798 675 844 odio
716 799 933 844 universi
969 797 1141 860 populi
1180 813 1345 860 paene
1383 798 1595 846 afflictus
1634 807 1726 847 est.

244 868 380 916 Nihil
395 867 479 915 illo
496 870 709 930 turpius.
778 866 1041 914 Proximus
1060 874 1139 914 est
1155 874 1331 914 tamen
1349 868 1478 917 Piso.
1546 870 1729 935 Itaque

241 939 506 988 mirificum
559 936 795 999 ἐμβόλων
847 941 1017 1002 cogito
1066 940 1120 984 in
1172 939 1450 986 secundum
1491 939 1731 990 librorum

243 1026 472 1058 meorum
507 1009 784 1064 includere,
820 1009 1077 1056 dicentem
1113 1009 1402 1072 Apollinem
1437 1014 1489 1058 in
1525 1013 1732 1061 concilio

241 1083 471 1138 deorum,
498 1079 659 1144 qualis
684 1079 878 1126 reditus
906 1080 1120 1128 duorum
1143 1083 1509 1144 imperatorum
1533 1082 1733 1133 futurus

245 1159 415 1208 esset3
479 1168 693 1215 quorum
739 1150 868 1197 alter
913 1155 1194 1198 exercitum
1237 1153 1560 1214 perdidisset,
1596 1156 1734 1204 -alter

168 1231 223 1271 25
246 1223 572 1272 vendidisset.
639 1222 719 1268 Ex
745 1221 1008 1269 Britannia
1033 1222 1219 1270 Caesar
1246 1223 1311 1270 ad
1335 1241 1419 1271 me
1450 1225 1562 1272 Kal.
1591 1225 1731 1290 Sept.

247 1295 392 1343 dedit
436 1294 651 1349 litteras,
694 1308 819 1355 quas
867 1310 963 1356 ego
1003 1298 1174 1357 accepi
1220 1312 1265 1342 a.
1314 1295 1362 1342 d.
1405 1312 1471 1343 ιν.
1518 1297 1731 1346 Kalend.

247 1366 455 1414 Octobr.
473 1368 595 1412 satis
612 1364 901 1411 commodas
918 1364 981 1411 de
998 1363 1300 1412 Britannicis
1315 1367 1466 1414 rebus
1490 1383 1501 1422 ;
1536 1370 1736 1431 quibus,

247 1454 312 1485 ne
345 1437 581 1492 admirer,
614 1436 751 1499 quod
783 1452 813 1482 a
845 1442 899 1482 te
933 1434 1094 1482 nullas
1128 1441 1427 1499 acceperim,
1459 1440 1650 1495 scribit,
1683 1456 1736 1485 se

247 1512 355 1555 sine
377 1515 431 1554 te
453 1505 627 1562 fuisse,
648 1523 804 1569 quum
828 1506 892 1553 ad
914 1521 1054 1552 mare
1076 1511 1360 1554 accesserit.
1428 1508 1510 1555 Ad
1534 1525 1619 1556 eas
1642 1526 1737 1573 ego

249 1583 294 1626 ei
314 1579 513 1626 litteras
534 1577 657 1624 nihil
676 1580 924 1639 rescripsi,
945 1592 1010 1622 ne
1030 1576 1321 1640 gratulandi
1342 1579 1548 1640 quidem
1569 1595 1738 1635 causa,

248 1657 457 1713 propter
483 1652 589 1695 eius
614 1648 824 1694 luctum.
891 1647 963 1693 Te
991 1664 1077 1693 oro
1104 1651 1259 1694 etiam
1287 1655 1443 1711 atque
1471 1653 1645 1706 etiam,
1670 1655 1736 1697 nii

247 1719 425 1775 frater,
452 1725 510 1765 ut
536 1718 720 1764 valeas.

712 1825 728 1849 ²
759 1825 920 1866 Added
941 1824 993 1876 by
1021 1824 1279 1877 Wesenbery.

307 1979 325 1999 ⁰
355 1973 404 2015 C.
444 1972 586 2014 Alfius
625 1986 714 2013 was
752 1973 928 2013 tribune
967 1973 1017 2013 of
1050 1972 1124 2013 the
1163 1971 1285 2023 plebs
1322 1974 1368 2013 in
1406 1975 1476 2015 59.
1544 1975 1613 2016 He
1651 1990 1741 2018 was

251 2029 469 2082 quaesitor
489 2030 533 2067 in
553 2027 626 2068 the
647 2026 748 2068 trial
769 2028 818 2067 of
834 2026 1051 2067 Gabinius
1073 2027 1140 2066 for
1163 2027 1376 2068 maiestas.

311 2082 326 2106 ⁶
358 2082 458 2122 Piso
492 2080 579 2121 had
614 2080 779 2120 wasted
815 2080 880 2119 his=
915 2094 1041 2132 army
1075 2082 1117 2119 in
1154 2084 1278 2132 petty
1312 2081 1497 2121 warfare
1531 2082 1633 2123 with
1667 2083 1740 2125 the

253 2136 386 2176 tribes
425 2148 481 2176 on
519 2134 593 2175 the
633 2133 813 2174 bordei-s
853 2134 902 2175 of
947 2133 1227 2179 Macedonia,
1268 2134 1354 2174 and
1396 2133 1613 2176 Gabinius
1652 2137 1738 2178 had

256 2187 512 2242 practically
551 2187 645 2228 sold
687 2187 751 2227 his
792 2188 850 2240 by
885 2187 1145 2240 employing
1184 2190 1215 2228 it
1253 2191 1298 2229 to
1338 2192 1498 2229 restore
1540 2188 1738 2245 I'toleiny

256 2242 435 2284 Auli-trs
459 2246 524 2282 for
546 2256 571 2282 a
593 2242 729 2284 bribe.

260 2580 357 2626 570
