1837 3029
825 157 1075 204 CICERO

208 305 305 350 que
333 296 469 343 sunt,
495 288 749 334 interclusi
776 287 912 349 fuga.
973 288 1192 332 Eranam
1219 294 1410 342 autem,
1436 302 1567 349 quae
1593 285 1690 332 fuit

209 386 305 414 non
343 372 432 414 vici
469 372 643 422 instar,
677 369 765 414 sed
803 369 954 421 urbis,
989 368 1123 429 quod
1159 374 1270 413 erat
1303 368 1484 412 Amani
1519 373 1690 428 caput,

207 452 432 511 itemque
470 448 713 511 Sepyram
753 455 805 494 et
843 447 1147 501 Commorim,
1187 450 1368 493 acriter
1404 454 1458 494 et
1493 447 1579 494 diu
1614 462 1689 493 re-

207 537 512 592 pugnantes,
546 528 814 590 Pomptino
845 527 978 573 illam
1013 535 1211 589 partem
1246 529 1429 574 Amani
1459 534 1690 581 tenente,

209 625 270 655 ex
291 609 590 655 antelucano
608 616 837 670 tempore
858 624 1014 670 usque
1035 609 1098 654 ad
1117 607 1290 653 horam
1309 608 1407 653 diei
1426 608 1692 662 decimam,

207 706 391 751 magna
414 688 739 734 multitudine
762 688 979 734 hostium
1004 692 1182 741 occisa,
1203 691 1444 749 cepimuS,
1465 686 1692 733 castella-

160 778 183 814 9
209 786 306 831 que
339 770 406 814 vil
438 777 588 831 capta
618 768 874 830 complura
904 770 1231 815 incendimus.
1314 768 1405 813 His
1436 769 1585 814 rebus
1619 771 1691 814 ita

207 853 383 912 gestis,
401 858 564 896 castra
583 853 634 895 in
652 850 902 895 radicibus
922 851 1106 895 Amani
1125 848 1391 894 habuimus
1411 849 1545 910 apud
1565 849 1690 894 Aras

209 929 484 976 Alexandri
531 931 875 993 quatriduum,
922 937 975 976 et
1011 933 1063 975 in
1109 928 1330 991 reliquiis
1377 930 1560 975 Amani
1606 929 1691 975 de-

208 1010 368 1058 lendis
414 1014 647 1074 agrisque
694 1011 968 1065 vastandis,
1012 1026 1143 1072 quae
1193 1027 1307 1072 pars
1354 1013 1460 1055 eius
1508 1012 1692 1055 montis

209 1108 354 1137 meae
377 1095 661 1154 provinciae
688 1098 783 1146 est,
807 1091 858 1137 id
879 1098 1082 1153 tempus
1106 1106 1255 1136 omne
1279 1093 1691 1152 consumpsimus,

139 1179 186 1217 10
210 1171 464 1219 Confectis
511 1171 585 1217 his
633 1173 800 1227 rebus,
842 1172 906 1218 ad
941 1171 1183 1233 oppidum
1219 1169 1691 1217 Eleutherocilicum

210 1252 558 1299 Pindenissum
606 1256 885 1299 exercitum
933 1252 1120 1298 abduxi
1145 1267 1155 1306 ;
1217 1252 1352 1314 quod
1398 1267 1511 1297 cum
1559 1257 1694 1297 esset

209 1333 450 1379 altissimo
483 1341 536 1379 et
567 1336 900 1379 munitissimo
931 1332 1057 1388 loco,
1089 1333 1152 1378 ab
1183 1335 1344 1395 iisque
1374 1331 1694 1383 incoleretur,

210 1418 294 1476 qui
328 1431 391 1460 ne
424 1415 626 1476 regibus
659 1414 866 1476 quidem
898 1429 1138 1475 umquam
1170 1416 1472 1475 paruissent,
1499 1428 1614 1458 cum
1641 1419 1694 1458 et

210 1494 447 1557 fugitivos
482 1498 785 1556 reciperent,
822 1501 875 1540 et
912 1493 1211 1540 Parthorum
1249 1493 1523 1540 adventum
1561 1508 1694 1538 acer-

209 1579 333 1621 rime
375 1582 750 1637 exspectarent,
792 1575 856 1621 ad
898 1577 1325 1620 existimationem
1365 1576 1543 1635 imperi
1585 1589 1696 1634 per-

211 1660 372 1702 tinere
402 1657 674 1702 arbitratus
701 1672 811 1702 sum
839 1658 1169 1717 comprimere
1198 1671 1370 1700 eorum
1399 1654 1657 1700 audaciam
1683 1669 1694 1707 ;

211 1753 310 1799 quo
334 1735 526 1782 facilius
553 1739 705 1782 etiam
733 1743 1017 1782 ceterorum
1043 1738 1213 1790 animi,
1240 1738 1324 1797 qui
1351 1734 1499 1781 alieni
1525 1741 1695 1781 essent

212 1818 276 1863 ab
323 1820 533 1878 imperio
582 1823 770 1870 nostro,
818 1816 1188 1878 frangerentur.
1272 1814 1413 1861 Vallo
1462 1821 1516 1861 et
1563 1813 1696 1861 fossa

210 1897 515 1943 circumdedi
539 1912 550 1951 3
594 1913 682 1942 sex
709 1896 944 1950 castellis,
970 1899 1246 1958 castrisque
1273 1898 1504 1941 maximis
1530 1897 1661 1958 sepsi
1684 1910 1695 1948 ;

213 1993 417 2040 aggere,
463 1980 636 2032 vineis,
682 1978 902 2023 turribus
948 1979 1269 2038 oppugnavi3
1332 1991 1551 2037 ususque
1595 1982 1696 2021 tor-

213 2061 397 2103 mentis
425 2057 613 2111 multis,
639 2056 810 2102 multis
838 2060 1129 2119 sagittariis,
1156 2073 1341 2118 magno
1367 2055 1538 2101 labore
1565 2071 1696 2103 met).

214 2141 319 2183 sine
348 2137 447 2183 ulla
472 2137 703 2183 molestia
729 2144 998 2199 sumptuve
1024 2140 1287 2191 sociorum,
1313 2139 1529 2198 septimo
1555 2138 1697 2198 quin-

214 2222 507 2280 quagesimo
545 2218 626 2264 dic
665 2234 770 2263 rem
809 2216 1035 2264 confeci:
1092 2224 1166 2273 ut,
1203 2218 1434 2263 omnibus
1470 2217 1697 2278 partibus

670 2328 684 2352 ¹
710 2328 920 2379 Asadi-ist:
951 2341 1022 2368 sex
1045 2328 1125 2379 (vi)
1149 2340 1244 2368 slss'.

231 2462 247 2479 ‘¹
286 2457 401 2495 Neai·
427 2457 554 2499 Issus.
577 2457 619 2494 in
642 2455 714 2494 the
731 2455 832 2495 §.1¹2
855 2457 1086 2506 extreniity
1106 2456 1156 2494 of
1171 2454 1336 2494 Cilicia.
1397 2454 1479 2493 See
1500 2456 1541 2493 ii.
1566 2458 1627 2494 10.
1644 2458 1684 2494 3.

313 2512 328 2535 ⁶
362 2509 644 2549 Pindenissus
665 2521 753 2549 was
775 2523 800 2549 a
822 2514 936 2549 town
960 2522 1017 2549 on
1039 2523 1064 2548 a
1086 2521 1191 2560 spur
1212 2510 1262 2548 of
1283 2508 1364 2548 Mt.
1390 2509 1602 2548 Amanus.

223 2581 315 2620 254
