1837 3029
828 139 1080 187 CICERO

930 267 983 314 11

327 410 533 443 TULLIUS
567 411 606 443 S.
643 411 690 443 D.
726 410 1009 442 TERENTIAE
1041 410 1183 453 SUAE,
1214 412 1482 444 TULLIOLAE
1514 412 1578 444 ET

769 478 1000 508 CICERONI
1035 478 1139 509 SUIS

643 579 994 629 Thessalonicae,
1016 594 1148 622 Aue.
1171 583 1268 623 696.

187 695 205 734 1
275 686 387 733 Noli
419 693 600 749 putare
630 703 713 733 me
746 687 810 733 ad
841 703 1150 750 quemquam
1180 687 1430 751 longiores
1461 687 1698 751 epistolas

211 756 446 809 scribere,
480 757 572 799 nisi
606 757 645 799 si
680 758 790 816 quis
825 755 888 800 ad
922 770 1004 799 me
1037 754 1182 816 plura
1214 758 1429 817 scripsit,
1461 759 1540 802 cui
1573 764 1698 818 puto

211 822 415 867 rescribi
452 828 704 883 oportere.
772 821 878 867 Nec
917 824 1051 867 enim
1090 820 1272 877 habeo,
1309 822 1432 884 quid
1466 823 1698 879 scribam,

212 904 305 934 nec
339 887 432 934 hoc
464 895 697 950 tempore
730 888 1007 950 quidquam
1040 888 1284 935 difficilius
1316 888 1462 936 facio.
1529 890 1612 937 Ad
1644 897 1699 937 te

212 971 330 1001 vero
356 961 409 1001 et
435 955 498 1001 ad
524 961 747 1000 nostram
772 954 1036 1001 Tulliolam
1061 972 1161 1001 non
1187 971 1319 1018 queo
1343 959 1451 1002 sine
1474 955 1699 1018 plurimis

211 1021 426 1068 lacrimis
457 1023 691 1068 scribere.
758 1021 858 1068 Vos
892 1025 1026 1068 enim
1058 1022 1205 1068 video
1239 1038 1348 1068 esse
1379 1025 1700 1079 miserrimas,

212 1105 337 1152 quas
366 1105 461 1152 ego
488 1089 805 1135 beatissimas
833 1105 1034 1151 semper
1061 1105 1171 1135 esse
1199 1089 1350 1145 volui,
1376 1090 1530 1153 idque
1557 1107 1701 1153 prae-

213 1163 348 1202 stare
378 1156 531 1202 debui
561 1162 632 1211 et,
661 1158 754 1202 nisi
781 1163 887 1202 tam
918 1156 1082 1202 timidi
1110 1155 1396 1212 fuissemuS,
1423 1161 1702 1218 praestitis-

164 1230 189 1269 2
213 1239 336 1269 sem.
404 1222 636 1268 Pisonem
666 1229 893 1269 nostrum
924 1226 1106 1268 merito
1137 1227 1243 1269 eius
1272 1240 1386 1269 amo
1413 1223 1700 1286 plurimum.

101 1288 107 1292 ’
214 1290 363 1345 Eum,
383 1296 441 1336 ut
461 1293 622 1351 potui,
642 1305 732 1351 per
750 1289 948 1336 litteras
967 1289 1261 1336 cohortatus
1280 1307 1390 1336 sum
1409 1294 1702 1354 gratiasque

215 1360 315 1419 egi,
363 1363 421 1403 ut
470 1357 639 1402 debui.
708 1356 766 1402 In
817 1360 956 1402 novis
1004 1357 1219 1403 tribunis
1258 1356 1420 1418 plebis
1459 1357 1703 1422 intellego

214 1439 357 1485 spem
381 1430 434 1469 te
458 1422 662 1469 habere.
732 1423 792 1469 Id
817 1427 913 1469 erit
936 1423 1153 1480 firmum,
1176 1427 1217 1470 si
1241 1423 1450 1487 Pompei
1473 1424 1703 1472 voluntas

216 1494 346 1546 erit3
409 1490 500 1537 sed
545 1489 780 1536 Crassum
825 1497 1001 1536 tamen
1046 1497 1237 1537 metuo.
1305 1492 1351 1538 A
1397 1497 1452 1538 te
1498 1492 1703 1555 quidem

214 1560 383 1603 omnia
431 1557 536 1603 fieri
583 1556 856 1603 fortissime
905 1564 958 1603 et
1006 1560 1351 1604 amantissime
1399 1558 1564 1615 video,
1611 1575 1705 1606 nec

216 1628 400 1679 miror3
453 1624 543 1670 sed
577 1640 781 1670 maereo
815 1640 985 1670 casum
1023 1625 1286 1681 eiusmodi,
1321 1631 1379 1671 ut
1413 1629 1569 1672 tantis
1604 1629 1705 1673 tuis

216 1694 427 1737 miseriis
453 1706 598 1737 meae
623 1694 855 1737 miseriae
881 1691 1225 1738 subleventur.
1294 1691 1425 1738 Nam
1451 1693 1516 1739 ad
1539 1709 1622 1739 me
1648 1693 1702 1740 P.

217 1758 462 1813 Valerius,
518 1756 668 1804 homo
722 1757 984 1814 officiosus,
1039 1761 1255 1820 scripsit,
1309 1759 1361 1806 id
1417 1760 1553 1822 quod
1610 1776 1705 1824 ego

216 1828 438 1870 maximo
465 1841 578 1870 cum
610 1824 733 1870 fletu
760 1824 879 1887 legi,
907 1825 1337 1887 quemadmodum
1366 1842 1396 1871 a
1422 1825 1611 1872 Vestae
1641 1827 1705 1874 ad

217 1891 1048 1938 tabulamValeriamductaesses.
1117 1891 1705 1949 Hem,mealux,meum

217 1959 540 2014 desiderium,
572 1959 706 2005 unde
738 1975 913 2005 omnes
943 1975 1093 2022 opem
1124 1966 1303 2022 petere
1334 1958 1599 2008 solebant!
1650 1967 1704 2008 te

280 2124 296 2142 ‘¹
330 2118 412 2158 See
435 2124 535 2157 note.
555 2131 575 2156 e
596 2132 652 2158 on
672 2118 756 2170 Ep.
785 2123 820 2158 l.
844 2121 883 2159 4.

282 2172 298 2196 δ
329 2172 533 2213 Terentia
555 2185 695 2212 seems
721 2177 763 2212 to
788 2172 899 2213 have
926 2171 1062 2213 taken
1087 2172 1240 2225 refuge
1255 2186 1312 2212 on
1337 2171 1527 2214 Cicero's
1549 2172 1705 2226 depar-

223 2231 319 2266 ture
339 2228 385 2266 in
407 2226 481 2266 the
503 2228 664 2277 temple
687 2227 737 2265 of
756 2226 904 2273 Vesta,
929 2230 1071 2267 where
1094 2227 1169 2267 her
1194 2227 1433 2267 half-sister
1456 2227 1593 2268 Fabia
1615 2241 1703 2268 was

223 2294 388 2331 among
409 2280 481 2320 the
505 2280 652 2320 Vesral
676 2280 866 2331 Virgins.

277 2340 290 2357 ⁰
325 2335 361 2373 lt
399 2336 432 2374 is
467 2347 586 2374 more
625 2334 836 2383 probable
873 2333 965 2374 that
1002 2333 1088 2374 this
1122 2346 1210 2373 was
1243 2347 1270 2373 a
1302 2333 1497 2374 tribunal
1531 2335 1600 2375 sor
1629 2335 1703 2376 the

224 2388 574 2427 adniinistraiion
596 2388 811 2439 ofjustice
832 2388 936 2428 than
959 2394 1026 2435 (as
1045 2401 1165 2428 some
1185 2387 1290 2427 take
1311 2391 1341 2428 it
1361 2393 1406 2428 lo
1425 2388 1498 2439 be)
1517 2401 1544 2428 a
1562 2388 1702 2437 bank,

223 2442 310 2481 and
332 2442 420 2481 that
443 2442 643 2481 Terentia
664 2456 752 2481 was
771 2442 903 2481 taken
926 2446 1043 2482 there
1062 2447 1107 2482 to
1128 2442 1258 2481 make
1277 2456 1332 2481 an
1352 2442 1548 2483 affidavit
1565 2443 1703 2484 about

224 2496 300 2535 her
323 2501 528 2547 properly
555 2496 694 2536 which
720 2496 862 2536 would
888 2496 939 2536 be
964 2501 1008 2536 lo
1032 2496 1220 2536 Cicero's
1244 2498 1434 2538 interest.
1496 2496 1542 2537 lf
1559 2499 1591 2537 it
1614 2511 1702 2538 was

229 2560 319 2607 186
