1837 3029
742 213 745 216 ,
762 199 767 216 1
871 173 1122 221 CICERO

257 304 383 351 Cum
417 304 570 351 vellet
601 308 757 360 cxirc,
790 322 818 350 a
849 303 1134 350 consulibus
1165 311 1397 351 retentus
1429 310 1542 359 cst;
1587 306 1743 350 intro·

256 383 394 429 ducti
423 382 692 445 publicani.
762 382 927 427 Homo
964 382 1187 444 undique
1223 381 1441 427 saucius¹
1465 398 1579 428 cum
1607 397 1636 428 a
1658 397 1740 427 me

257 464 476 506 maxime
502 459 868 513 vulneraretur,
893 476 991 504 non
1015 458 1151 513 tulit,
1175 465 1227 504 et
1251 475 1333 505 me
1357 461 1599 505 trementi
1620 474 1740 504 voce

256 537 481 583 exsulem
500 536 788 599 appellavit.
857 536 953 582 Hic
969 535 1019 599 (o
1035 536 1085 582 di
1109 537 1119 582 1
1155 535 1278 582 nihil
1292 548 1530 599 umquam
1545 535 1742 582 honori-

256 615 486 662 ficentius
539 615 681 660 nobis
740 614 942 677 accidit)
1000 616 1315 660 consurrexit
1370 620 1577 660 senatus
1627 629 1739 660 cum

256 692 472 738 clamore
507 692 571 737 ad
603 708 777 747 unum,
808 693 877 737 sic
910 697 967 737 ut
998 691 1062 737 ad
1093 707 1271 753 corpus
1304 691 1741 743 eiusaccederet3

255 773 362 832 pari
383 769 600 816 clamore
622 776 778 831 atque
798 771 993 830 impetu
1015 767 1284 830 publicani.
1351 767 1488 826 Quid
1507 768 1740 831 quaeris?

254 863 447 901 omnes,
494 853 758 908 tamquam
805 848 844 891 si
892 852 950 891 tu
999 861 1153 901 esses,
1198 848 1271 891 ita
1317 843 1540 892 fuerunt.
1607 843 1741 890 Nihil

254 922 512 970 hominum
532 938 762 969 sermone
778 921 897 969 foris
912 921 1107 968 clarius.
1175 922 1286 985 Ego
1302 929 1476 968 tamen
1490 937 1573 968 me
1587 928 1741 968 teneo

253 1001 317 1047 ab
363 1000 662 1056 accusando,
710 1002 791 1046 vix
837 998 1128 1046 mehercule
1152 1014 1164 1055 3
1223 999 1313 1046 sed
1356 1006 1531 1045 tamen
1569 1005 1741 1053 teneo,

254 1077 333 1123 vel
359 1078 494 1140 quod
519 1076 633 1123 nolo
658 1093 772 1124 cum
798 1076 1039 1139 Pompeio
1064 1091 1292 1139 pugnare
1318 1076 1460 1139 (satis
1485 1082 1581 1131 est,
1605 1076 1739 1140 quod

253 1157 412 1201 instat
442 1154 505 1200 de
538 1153 771 1216 Milone),
800 1152 878 1199 vel
908 1154 1044 1216 quod
1071 1154 1261 1200 iudices
1289 1152 1450 1199 nullos
1477 1151 1738 1199 habemus.

243 1230 547 1294 Ἀπότευγμα
578 1230 823 1286 formid03
861 1231 992 1277 addo
1026 1233 1181 1276 etiam
1213 1229 1623 1277 malevolentiam
1653 1229 1740 1278 ho-

249 1312 461 1363 minum,
495 1316 547 1355 et
580 1312 755 1364 timeo,
787 1324 851 1355 ne
883 1308 970 1363 illi,
1003 1324 1084 1354 me
1120 1314 1408 1363 accusante,
1439 1307 1629 1370 aliquid
1662 1324 1740 1354 ac-

249 1387 434 1441 cedat;
476 1403 569 1432 nec
599 1387 812 1448 despero
844 1402 952 1432 rem
984 1392 1038 1432 et
1065 1388 1172 1432 sine
1197 1401 1279 1431 me
1311 1390 1364 1431 et
1394 1384 1620 1431 nonnihil
1650 1401 1741 1447 per

200 1471 224 1511 3
249 1481 330 1510 me
358 1464 533 1510 confici
561 1480 723 1526 posse.
794 1463 874 1509 De
908 1464 1104 1509 ambitu
1132 1462 1376 1525 postulati
1403 1469 1522 1509 sunt
1549 1479 1740 1514 omnes,

250 1544 334 1604 qui
367 1540 684 1587 consulatum
716 1546 938 1602 petunt3
975 1556 1004 1586 a
1032 1539 1278 1586 Memmio
1312 1539 1585 1595 Domitius,
1615 1556 1644 1585 a
1677 1538 1737 1597 Q.

251 1620 454 1673 Acutio‚
490 1619 622 1664 bono
666 1625 720 1664 et
762 1618 960 1663 erudito
998 1616 1344 1672 adulescente,
1382 1615 1674 1672 Memmius,
1712 1632 1740 1662 a

249 1694 312 1754 Q.
341 1695 582 1757 Pompeio
612 1694 869 1750 Messalla,
897 1711 926 1740 a
951 1694 1141 1740 Triario
1169 1693 1398 1740 Scaurus.
1470 1693 1663 1757 Magna
1689 1696 1739 1739 in

248 1779 391 1819 motu
410 1789 489 1818 res
510 1780 605 1827 est,
625 1780 896 1834 propterea
917 1772 1052 1835 quod
1073 1779 1161 1818 aut
1181 1770 1440 1817 hominum
1462 1777 1552 1818 aut
1568 1770 1740 1834 legum

248 1853 484 1896 interitus
501 1850 801 1895 ostenditur.
870 1849 1042 1910 Opera
1059 1849 1226 1903 datur,
1244 1856 1301 1894 ut
1318 1849 1500 1895 iudicia
1517 1864 1581 1894 ne
1599 1847 1738 1895 fiant.

250 1926 349 1973 Res
377 1926 578 1973 videtur
605 1934 836 1988 spectare
866 1926 929 1972 ad
959 1929 1323 1988 interregnum.
1393 1924 1634 1971 Consules
1661 1941 1741 1971 co-

249 2007 394 2051 mitia
418 2003 606 2050 habere
633 2007 844 2066 cupiunt
868 2019 879 2058 ;
924 2006 995 2049 rei
1024 2002 1220 2058 nolunt,
1248 2009 1301 2049 et
1326 2005 1548 2048 maxime
1577 2001 1741 2048 Mern-

472 2111 487 2135 ¹
522 2112 721 2163 Tyrrell:
759 2116 883 2151 actus
909 2111 1169 2151 sssanutius:
1208 2114 1385 2163 saeptus
1405 2110 1527 2151 Boot..

323 2248 341 2267 ⁰
371 2258 428 2284 sc.
459 2244 508 2283 of
542 2244 687 2294 Syria,
718 2244 814 2283 who
844 2243 931 2283 had
960 2242 1148 2283 suffered
1182 2242 1297 2282 from
1329 2242 1404 2283 the
1435 2241 1742 2294 depredations

258 2299 309 2337 of
328 2299 487 2348 pirates
510 2297 633 2337 while
658 2296 875 2337 Gabinius
900 2311 988 2338 was
1012 2297 1239 2337 otherwise
1267 2296 1742 2349 engaged—restoring

263 2351 462 2402 l'loleniy
487 2353 529 2390 in
554 2351 717 2402 Egypt.

318 2405 334 2428 ⁰
366 2405 553 2444 Cicero's
576 2407 764 2443 enemim·
789 2404 928 2456 mig-lit
950 2408 1133 2455 support
1155 2403 1373 2443 Gabinius
1394 2408 1440 2443 to
1461 2405 1572 2455 spite
1594 2404 1699 2445 him.

320 2464 335 2483 ⁰
364 2459 458 2499 The
476 2459 664 2499 tribune.

315 2512 335 2537 ⁴
363 2511 457 2552 The
477 2511 711 2552 candidate
731 2511 800 2551 foi·
821 2511 893 2551 the
915 2510 1181 2563 consulship.

263 2581 357 2625 574
