1837 3029
855 162 1104 210 CICERO

237 305 422 346 versus,
471 307 594 353 quos
654 307 815 354 rogas,
867 291 1039 354 γλαῦκ’
1098 290 1160 340 εἷς
1213 291 1438 353 Ἀθήνας]
1502 294 1719 338 mittam.

187 364 212 400 5
236 354 336 403 Sed
369 356 491 404 heus
524 365 598 413 tu,
632 358 780 404 celari
815 358 986 405 videor
1017 374 1047 404 a
1079 365 1147 404 te.
1221 358 1622 416 Quomodonam,
1653 361 1720 404 mi

237 422 408 479 frater,
454 424 517 471 de
564 428 742 471 nostris
789 426 1010 471 versibus
1056 424 1281 471 Caesar?
1345 441 1460 471 narn
1506 429 1720 487 primurn

238 490 415 536 librum
449 507 502 537 se
535 491 715 554 legisse
748 495 944 553 scripsit
977 492 1040 537 ad
1073 507 1154 537 me
1188 499 1325 547 ante,
1359 499 1412 538 et
1444 496 1603 554 prima
1636 496 1720 548 sic,

239 564 294 603 ut
320 566 491 620 neget,
518 574 570 604 se
598 574 660 603 ne
688 560 881 604 Graeca
908 560 1112 621 quidem
1137 559 1345 605 meliora
1371 559 1566 622 legisse.
1628 559 1722 604 Re-

238 623 371 686 liqua
411 625 475 670 ad
515 625 786 686 quemdam
827 625 990 671 locum
1029 625 1341 687 ῥᾳθυμότερα.
1440 626 1550 673 Hoc
1589 629 1721 672 enim

239 695 397 737 utitur
420 692 586 738 verbo.
646 693 739 738 Dic
762 692 881 737 mihi
908 709 1096 748 verum,
1120 709 1241 739 num
1263 699 1353 739 aut
1374 708 1452 739 res
1477 709 1610 749 eum,
1634 701 1723 739 aut

239 761 486 819 χαρακτήρ
504 775 602 804 non
620 759 884 805 delectat?
923 759 1057 805 Nihil
1075 767 1169 816 est,
1188 760 1323 822 quod
1341 776 1560 807 vereare.
1614 760 1723 824 Ego

239 827 371 870 enim
403 842 465 871 ne
498 825 596 887 pilo
628 827 832 888 quidem
865 830 1027 873 minus
1059 842 1140 872 me
1173 827 1368 874 amabo.
1435 827 1545 874 Hac
1575 826 1639 873 de
1670 843 1723 873 re

239 891 525 953 φιλαλήθως
551 900 619 947 et,
645 900 702 939 ut
725 893 870 948 soles,
896 895 1055 940 scribe
1080 893 1318 941 fraterne.

565 979 580 1003 ¹
616 979 892 1020 Cratander·
926 981 1125 1021 Athenas
1147 985 1355 1021 noctuam
1381 981 1445 1022 M.

272 1044 1722 1115 mm

241 1116 391 1155 sacred
412 1121 458 1156 to
482 1116 623 1157 Pallas
647 1118 832 1164 Athene,
856 1131 943 1157 was
965 1118 1070 1157 bred
1094 1117 1181 1158 and
1204 1117 1442 1170 protected.

299 1170 315 1194 ὁ
346 1170 455 1210 Or
476 1184 581 1222 easy
584 1173 768 1222 -going,'
809 1171 1035 1223 “lacking
1057 1174 1099 1211 in
1122 1172 1440 1213 ε’]ειὶ)οῐ·ειῒίοῐι.’ἱ

249 2585 341 2627 544
