1837 3029
879 188 1130 236 CICERO

258 314 509 368 instituta,
545 321 700 376 atque
735 317 889 359 vitain
929 317 1287 374 imperatorum
1323 319 1552 374 spectare
1585 311 1744 359 solere

257 388 305 431 in
333 385 577 434 habendis
603 394 692 434 aut
717 405 816 433 non
842 386 1086 434 habendis
1113 386 1396 433 honoribus.
1457 385 1606 444 Quod
1629 388 1670 432 si
1693 388 1743 431 in

256 476 368 505 inea
409 477 559 506 causa
597 461 952 516 considerabis,
991 463 1230 522 reperies,
1268 476 1350 506 me
1391 462 1617 506 exercitu
1654 461 1745 505 im-

256 534 450 588 becillo,
499 542 675 581 contra
722 543 918 581 metum
967 538 1174 580 maximi
1223 534 1358 589 belli,
1409 533 1742 580 firmissimum

257 609 560 669 praesidium
578 609 812 656 habuisse
833 613 1147 672 aequitatem
1167 616 1220 655 et
1236 612 1617 655 continentiam.
1653 607 1744 653 His

257 699 351 745 ego
368 684 598 730 subsidiis
617 700 677 730 ea
693 701 802 731 sum
820 692 1135 739 consecutus,
1153 700 1283 746 quae
1301 683 1447 730 nullis
1463 682 1743 747 legionibus

255 761 492 821 consequi
536 762 830 821 potuissem,
874 766 932 806 ut
976 776 1038 805 ex
1083 758 1394 806 alienissimis
1437 761 1580 805 sociis
1623 759 1743 804 ami-

254 835 492 888 cissimos,
555 849 617 880 ex
679 833 1031 881 infidelissimis
1095 833 1398 880 firmissimos
1459 832 1743 887 redderem,

255 910 548 970 animosque
584 925 824 954 novarum
859 925 1025 955 rerum
1063 911 1444 970 exspectatione
1478 922 1743 970 suspensos

207 1012 213 1020 .
256 981 317 1027 ad
357 985 541 1028 veteris
577 985 756 1044 imperi
792 982 1200 1029 benevolentiam
1238 982 1574 1029 traducerem.
1644 979 1743 1028 Sed

255 1058 401 1101 nimis
424 1055 550 1103 haec
571 1056 733 1103 multa
755 1057 819 1104 de
842 1073 942 1111 me,
965 1060 1264 1119 praesertim
1288 1057 1354 1104 ad
1374 1063 1446 1112 te,
1470 1073 1499 1102 a
1522 1072 1621 1118 quo
1644 1072 1743 1102 uno

254 1133 477 1176 omnium
500 1134 744 1178 sociorum
768 1131 1022 1194 querellae
1047 1132 1319 1178 audiuntur
1342 1146 1353 1186 ;
1388 1146 1657 1194 cognosces
1680 1145 1741 1176 ex

254 1207 329 1258 iis,
355 1208 439 1267 qui
469 1209 593 1251 meis
623 1209 868 1252 institutis
893 1223 946 1252 se
972 1213 1224 1252 recreatos
1253 1212 1453 1267 putant.
1514 1205 1742 1266 Cumque

253 1296 428 1325 omnes
459 1297 557 1326 uno
587 1297 743 1342 prope
773 1297 1018 1327 consensu
1049 1281 1112 1327 de
1142 1297 1223 1326 me
1255 1281 1389 1342 apud
1418 1287 1471 1326 te
1504 1296 1580 1334 ea,
1611 1294 1741 1341 quae

253 1353 373 1399 mihi
395 1355 721 1416 'optatissima
754 1362 888 1410 sunt,
919 1355 1302 1417 praedicabunt,
1335 1361 1443 1400 tum
1477 1354 1607 1401 duae
1638 1369 1743 1399 ma-

254 1431 420 1474 ximae
445 1428 712 1476 clientelae
738 1437 876 1481 tuae,
904 1429 1098 1492 Cyprus
1124 1428 1285 1474 insula
1312 1436 1365 1476 et
1392 1428 1742 1491 Cappadociae

253 1519 484 1566 regnum,
512 1510 681 1550 tecum
712 1505 775 1551 de
804 1520 885 1550 me
914 1503 1203 1567 loquentur,
1231 1510 1356 1566 puto
1386 1506 1539 1549 etiam
1568 1518 1740 1566 regem

254 1576 572 1631 Deiotarum,
619 1581 703 1640 qui
752 1568 860 1623 uni
884 1579 976 1624 tibi
1025 1585 1103 1624 est
1148 1580 1369 1623 maxime
1416 1579 1738 1624 necessarius.

254 1650 398 1708 Quae
435 1654 475 1697 si
513 1655 667 1698 etiam
706 1655 895 1699 maiora
923 1659 1058 1708 sunt,
1089 1659 1142 1698 et
1178 1655 1229 1697 in
1266 1652 1497 1698 omnibus
1533 1649 1740 1698 saeculis

253 1729 511 1786 pauciores
533 1729 621 1772 viri
642 1730 830 1788 reperti
850 1734 986 1781 sunt,
1007 1729 1090 1788 qui
1112 1743 1226 1772 suas
1247 1726 1569 1788 cupiditates,
1589 1741 1740 1787 quam

254 1803 336 1860 qui
383 1799 602 1846 hostium
648 1804 815 1863 copias
861 1804 1138 1855 vincerent,
1184 1808 1263 1847 est:
1306 1798 1533 1862 profecto
1577 1806 1740 1854 tuum,

253 1890 365 1919 cum
395 1875 458 1921 ad
482 1891 562 1920 res
589 1874 791 1921 bellicas
824 1874 966 1929 haec,
994 1892 1124 1937 quae
1160 1878 1346 1921 rariora
1383 1881 1437 1921 et
1470 1873 1742 1921 difficiliora

253 1955 387 2003 sunt,
414 1965 603 2011 genera
629 1952 827 1996 virtutis
855 1950 1160 2004 adiunxeris,
1187 1952 1318 2011 ipsas
1347 1952 1502 1995 etiam
1528 1948 1636 1995 illas
1661 1964 1740 1994 res

181 2029 230 2067 1ss
254 2030 424 2085 gestas
463 2023 775 2070 illustrioresl
820 2031 873 2070 et
914 2027 1127 2070 maiores
1169 2031 1365 2085 putare.
1440 2023 1740 2070 Extremum

253 2096 373 2143 illud
412 2105 506 2154 est,
546 2106 618 2153 ut,
656 2102 796 2161 quasi
834 2099 1062 2145 diffidens
1099 2101 1347 2161 rogationi
1383 2114 1548 2154 meae,
1583 2088 1740 2160 philo-

533 2204 547 2228 ¹
586 2205 839 2246 Manutius:
872 2207 1071 2246 iustiores
1095 2205 1236 2245 Nohbe
1255 2205 1346 2244 and
1368 2216 1467 2245 MSS.

322 2329 339 2346 ‘³
374 2324 441 2364 He
461 2326 593 2365 refers
614 2329 658 2365 to
679 2325 746 2364 his
765 2338 935 2365 success
959 2327 1001 2364 in
1024 2326 1218 2377 winning
1239 2337 1340 2364 over
1360 2323 1432 2364 the
1453 2325 1657 2376 province
1679 2323 1739 2375 by

266 2376 332 2417 his
371 2378 553 2418 wisdom
591 2378 678 2418 and
720 2377 1007 2424 moderation,
1040 2378 1180 2418 which
1212 2378 1266 2418 he
1295 2391 1397 2429 says
1426 2379 1461 2419 is
1489 2376 1704 2417 somethin

265 2435 435 2482 greater
455 2433 561 2472 than
585 2445 701 2472 mere
726 2432 918 2484 military
949 2446 1134 2475 success,
1157 2432 1236 2472 but
1256 2432 1412 2477 which,
1443 2430 1480 2470 if
1504 2391 1738 2471 combined

266 2485 366 2524 with
390 2486 583 2537 military
603 2499 789 2531 success,
819 2485 977 2525 should
1011 2499 1058 2524 so
1087 2485 1283 2525 enham-e
1313 2485 1385 2525 the
1413 2483 1540 2525 value
1568 2485 1620 2524 of
1641 2484 1737 2525 that

257 2550 427 2579 success
447 2552 495 2579 as
515 2543 560 2579 to
582 2538 714 2579 make
737 2541 768 2579 it
789 2540 959 2590 worthy
979 2540 1029 2578 of
1045 2553 1072 2579 a
1094 2539 1302 2590 triumph.

262 2600 356 2649 262
