1837 3029
867 182 1119 230 CICERO

842 312 963 359 xlv
999 312 1059 374 (Ι.
1097 313 1146 376 2)

635 457 688 488 Μ.
727 457 900 488 CICERO
935 457 973 488 S.
1011 457 1057 488 D.
1096 457 1151 488 M.
1190 457 1354 489 BRUTO

774 548 956 597 Rornae,
980 563 1112 590 A.u.c.
1137 552 1212 590 711

202 654 221 692 1
313 644 508 708 Scripta
529 653 582 692 ct
606 647 873 707 obsignata
899 649 998 692 iam
1020 645 1236 708 epistula
1261 645 1463 693 litterae
1483 644 1605 692 mihi
1630 644 1740 692 red-

247 726 385 772 ditae
416 734 533 773 sunt
566 743 596 773 a
628 734 681 773 te
716 727 896 789 plenae
930 743 1096 773 rerum
1131 743 1388 783 novarum,
1417 730 1741 790 maximeque

248 807 475 854 mirabile
531 807 851 854 Dolabellam
904 811 1127 871 quinque
1174 806 1404 855 cohortes
1452 810 1644 854 misisse
1690 809 1742 853 in

249 887 632 935 Chersonesum.
703 889 915 935 Adeone
943 892 1094 951 copiis
1124 888 1368 944 abundat,
1396 896 1454 935 ut
1479 891 1537 944 is,
1565 891 1650 951 qui
1678 904 1741 934 ex

249 970 370 1015 Asia
401 969 578 1033 fugere
612 970 891 1025 dicebatur,
924 970 1181 1031 Europam
1213 977 1457 1032 appetere
1489 969 1741 1016 conetur?

248 1053 471 1113 quinque
495 1058 668 1096 autem
691 1050 977 1097 cohortibus
1002 1051 1242 1114 quidnam
1264 1066 1317 1097 se
1338 1049 1592 1097 facturum
1615 1050 1743 1096 arbi-

247 1137 410 1177 tratus
436 1138 531 1187 est,
555 1148 668 1177 curn
694 1138 751 1177 tu
776 1148 835 1178 eo
861 1131 968 1178 loco
989 1135 1211 1194 quinque
1232 1132 1473 1195 legiones,
1492 1134 1740 1194 optimum

248 1215 552 1274 equitatum,
588 1216 809 1258 maxima
845 1212 1029 1259 auxilia
1065 1212 1320 1259 haberes?
1375 1229 1497 1275 quas
1534 1212 1739 1275 quidem

247 1292 477 1339 cohortes
507 1309 653 1355 spero
678 1296 779 1339 iam
805 1300 918 1339 tuas
946 1310 1072 1347 esse,
1105 1296 1342 1356 quoniam
1366 1293 1494 1339 latro
1520 1292 1602 1339 ille
1632 1300 1739 1339 tam

197 1379 222 1418 2
246 1372 342 1419 fuit.
390 1373 614 1420 demens.
700 1373 865 1420 Tuum
901 1374 1161 1420 consilium
1200 1373 1530 1420 vehementer
1572 1373 1738 1429 laudo,

247 1455 382 1516 quod
413 1471 512 1501 non
543 1457 678 1517 prius
711 1458 990 1501 exercitum
1024 1455 1290 1517 Apollonia
1323 1453 1739 1518 Dyrrhachioque

246 1538 461 1591 movisti,
496 1552 648 1598 quarn
681 1535 745 1582 de
781 1537 989 1582 Antonii
1022 1534 1145 1599 fuga
1178 1535 1380 1591 audisti,
1414 1534 1556 1581 Bruti
1593 1551 1739 1597 erup-

244 1619 400 1672 tione,
426 1616 596 1678 populi
627 1615 839 1663 Romani
874 1619 1094 1663 victoria.
1169 1616 1370 1679 Itaque,
1401 1615 1536 1679 quod
1567 1616 1738 1662 scribis

243 1704 421 1759 postea
444 1701 681 1744 statuisse
704 1704 758 1744 te
781 1697 966 1744 ducere
991 1700 1272 1744 exercitum
1295 1701 1347 1743 in
1369 1696 1738 1744 Chersonesum

245 1794 336 1824 nec
367 1782 474 1840 pati
505 1779 890 1825 sceleratissimo
920 1778 1050 1826 hosti
1084 1778 1297 1825 ludibrio
1330 1793 1440 1825 esse
1470 1781 1737 1840 imperium

246 1859 415 1920 populi
437 1858 665 1914 Romani,
685 1858 805 1905 facis
827 1876 890 1906 ex
909 1866 1000 1906 tua
1019 1859 1271 1921 dignitate
1293 1866 1346 1906 et
1366 1875 1429 1906 ex
1448 1875 1502 1905 re
1522 1858 1736 1921 publica.

197 1946 221 1984 3
247 1938 394 1997 Quod
425 1941 595 1986 scribis
627 1940 691 1986 de
722 1940 988 1996 seditione,
1021 1957 1150 2003 quae
1182 1938 1317 1986 facta
1349 1947 1427 1986 est
1458 1942 1508 1985 in
1539 1939 1737 2003 legione

247 2028 426 2083 quarta
450 2019 647 2067 decima
678 2019 855 2067 fraude
883 2021 937 2067 C.
966 2022 1292 2068 Antonii—in
1321 2021 1506 2067 bonam
1540 2027 1739 2083 partem

246 2103 684 2165 accipies—magis
746 2101 865 2147 mihi
925 2103 1167 2164 probatur
1223 2102 1438 2148 militum
1497 2102 1738 2148 severitas

244 2197 396 2243 quam
423 2189 511 2228 tua
535 2181 819 2228 clementia.
861 2219 871 2229 .
911 2219 921 2229 .
961 2219 970 2228 .

669 2333 687 2353 ⁰
717 2328 810 2367 ‘she
834 2327 1043 2380 Gallipoli
1068 2327 1315 2380 peninsula.

241 2605 333 2648 668
