<?xml version="1.0" encoding="UTF-8"?>
<!DOCTYPE html PUBLIC "-//W3C//DTD XHTML 1.0 Transitional//EN"
    "http://www.w3.org/TR/xhtml1/DTD/xhtml1-transitional.dtd">
<html xmlns="http://www.w3.org/1999/xhtml" xml:lang="en" lang="en">
 <head>
  <title>
</title>
<meta http-equiv="Content-Type" content="text/html;charset=utf-8" />
  <meta name='ocr-system' content='tesseract 3.04.00' />
  <meta name='ocr-capabilities' content='ocr_page ocr_carea ocr_par ocr_line ocrx_word'/>
</head>
<body>
  <div class='ocr_page' id='page_1' title='image "./letterstohisfrie03ciceuoft_0620.png"; bbox 0 0 1837 3029; ppageno 0'>
   <div class='ocr_carea' id='block_1_1' title="bbox 865 187 1114 235">
    <p class='ocr_par' dir='ltr' id='par_1_1' title="bbox 865 187 1114 235">
     <span class='ocr_line' id='line_1_1' title="bbox 865 187 1114 235; baseline -0.004 0"><span class='ocrx_word' id='word_1_1' title='bbox 865 187 1114 235; x_wconf 88' lang='lat' dir='ltr'>CICERO</span> 
     </span>
    </p>
   </div>
   <div class='ocr_carea' id='block_1_2' title="bbox 243 316 1733 842">
    <p class='ocr_par' dir='ltr' id='par_1_2' title="bbox 243 316 1733 842">
     <span class='ocr_line' id='line_1_2' title="bbox 243 316 1729 381; baseline 0.001 -18"><span class='ocrx_word' id='word_1_2' title='bbox 243 334 396 380; x_wconf 90' lang='lat' dir='ltr'><strong>quam</strong></span> <span class='ocrx_word' id='word_1_3' title='bbox 419 317 618 373; x_wconf 90' lang='lat' dir='ltr'><strong>vellem,</strong></span> <span class='ocrx_word' id='word_1_4' title='bbox 639 318 776 381; x_wconf 91' lang='lat' dir='ltr'><strong>quod</strong></span> <span class='ocrx_word' id='word_1_5' title='bbox 798 317 1068 380; x_wconf 84' lang='lat' dir='ltr'><strong>Pomptino</strong></span> <span class='ocrx_word' id='word_1_6' title='bbox 1090 318 1154 364; x_wconf 88' lang='lat' dir='ltr'><strong>ad</strong></span> <span class='ocrx_word' id='word_1_7' title='bbox 1176 316 1488 379; x_wconf 89' lang='lat' dir='ltr'><strong>triumphum</strong></span> <span class='ocrx_word' id='word_1_8' title='bbox 1511 333 1555 364; x_wconf 87' lang='lat' dir='ltr'><strong>a.</strong></span> <span class='ocrx_word' id='word_1_9' title='bbox 1578 316 1627 364; x_wconf 89' lang='lat' dir='ltr'><strong>d.</strong></span> <span class='ocrx_word' id='word_1_10' title='bbox 1652 331 1729 364; x_wconf 89' lang='lat'><strong>111.</strong></span> 
     </span>
     <span class='ocr_line' id='line_1_3' title="bbox 246 384 1731 432; baseline 0 -2"><span class='ocrx_word' id='word_1_11' title='bbox 246 385 373 431; x_wconf 93' lang='lat' dir='ltr'><strong>Non.</strong></span> <span class='ocrx_word' id='word_1_12' title='bbox 406 385 651 432; x_wconf 89' lang='lat' dir='ltr'><strong>Novemb.</strong></span> <span class='ocrx_word' id='word_1_13' title='bbox 683 384 913 431; x_wconf 89' lang='lat' dir='ltr'><strong>volebam</strong></span> <span class='ocrx_word' id='word_1_14' title='bbox 942 385 1135 431; x_wconf 83' lang='lat' dir='ltr'><strong>adesse.</strong></span> <span class='ocrx_word' id='word_1_15' title='bbox 1205 384 1409 430; x_wconf 84' lang='lat' dir='ltr'><strong>Etenim</strong></span> <span class='ocrx_word' id='word_1_16' title='bbox 1438 387 1536 431; x_wconf 87' lang='lat' dir='ltr'><strong>erit</strong></span> <span class='ocrx_word' id='word_1_17' title='bbox 1563 387 1731 430; x_wconf 87' lang='lat' dir='ltr'><strong>nescio</strong></span> 
     </span>
     <span class='ocr_line' id='line_1_4' title="bbox 244 450 1731 515; baseline -0.001 -17"><span class='ocrx_word' id='word_1_18' title='bbox 244 453 366 514; x_wconf 90' lang='lat' dir='ltr'><strong>quid</strong></span> <span class='ocrx_word' id='word_1_19' title='bbox 387 452 643 515; x_wconf 87' lang='lat' dir='ltr'><strong>negotioli.</strong></span> <span class='ocrx_word' id='word_1_20' title='bbox 714 452 843 498; x_wconf 83' lang='lat' dir='ltr'><strong>Nam</strong></span> <span class='ocrx_word' id='word_1_21' title='bbox 865 452 992 498; x_wconf 87' lang='lat' dir='ltr'><strong>Cato</strong></span> <span class='ocrx_word' id='word_1_22' title='bbox 1014 459 1067 498; x_wconf 87' lang='lat' dir='ltr'><strong>et</strong></span> <span class='ocrx_word' id='word_1_23' title='bbox 1086 450 1321 498; x_wconf 87' lang='lat' dir='ltr'><strong>Servilius</strong></span> <span class='ocrx_word' id='word_1_24' title='bbox 1341 458 1600 513; x_wconf 87' lang='lat' dir='ltr'><strong>praetores</strong></span> <span class='ocrx_word' id='word_1_25' title='bbox 1620 467 1731 513; x_wconf 89' lang='lat' dir='ltr'><strong>pro-</strong></span> 
     </span>
     <span class='ocr_line' id='line_1_5' title="bbox 244 516 1730 581; baseline -0.001 -17"><span class='ocrx_word' id='word_1_26' title='bbox 244 518 490 565; x_wconf 80' lang='lat' dir='ltr'><strong>hibituros</strong></span> <span class='ocrx_word' id='word_1_27' title='bbox 516 536 569 565; x_wconf 85' lang='lat' dir='ltr'><strong>se</strong></span> <span class='ocrx_word' id='word_1_28' title='bbox 597 522 888 574; x_wconf 57' lang='lat' dir='ltr'><strong>minantum</strong></span> <span class='ocrx_word' id='word_1_29' title='bbox 932 535 1042 574; x_wconf 91' lang='lat' dir='ltr'><strong>nec,</strong></span> <span class='ocrx_word' id='word_1_30' title='bbox 1070 519 1191 581; x_wconf 89' lang='lat' dir='ltr'><strong>quid</strong></span> <span class='ocrx_word' id='word_1_31' title='bbox 1218 522 1428 580; x_wconf 84' lang='lat' dir='ltr'>possint,</span> <span class='ocrx_word' id='word_1_32' title='bbox 1453 521 1569 564; x_wconf 89' lang='lat' dir='ltr'><strong>scio.</strong></span> <span class='ocrx_word' id='word_1_33' title='bbox 1640 516 1730 563; x_wconf 90' lang='lat' dir='ltr'><strong>Ille</strong></span> 
     </span>
     <span class='ocr_line' id='line_1_6' title="bbox 245 585 1733 648; baseline -0.001 -16"><span class='ocrx_word' id='word_1_34' title='bbox 245 589 378 632; x_wconf 85' lang='lat' dir='ltr'><strong>enim</strong></span> <span class='ocrx_word' id='word_1_35' title='bbox 397 593 450 632; x_wconf 86' lang='lat' dir='ltr'><strong>et</strong></span> <span class='ocrx_word' id='word_1_36' title='bbox 467 587 688 648; x_wconf 86' lang='lat' dir='ltr'><strong>Appium</strong></span> <span class='ocrx_word' id='word_1_37' title='bbox 700 586 955 632; x_wconf 78' lang='lat' dir='ltr'><strong>consulem</strong></span> <span class='ocrx_word' id='word_1_38' title='bbox 966 602 1134 632; x_wconf 86' lang='lat' dir='ltr'><strong>secum</strong></span> <span class='ocrx_word' id='word_1_39' title='bbox 1147 585 1439 640; x_wconf 88' lang='lat' dir='ltr'><strong>habebit‚et</strong></span> <span class='ocrx_word' id='word_1_40' title='bbox 1454 591 1733 647; x_wconf 88' lang='lat' dir='ltr'><strong>praetores,</strong></span> 
     </span>
     <span class='ocr_line' id='line_1_7' title="bbox 245 652 1732 715; baseline -0.001 -17"><span class='ocrx_word' id='word_1_41' title='bbox 245 660 298 698; x_wconf 88' lang='lat' dir='ltr'><strong>et</strong></span> <span class='ocrx_word' id='word_1_42' title='bbox 327 654 554 699; x_wconf 88' lang='lat' dir='ltr'><strong>tribunos</strong></span> <span class='ocrx_word' id='word_1_43' title='bbox 583 653 758 715; x_wconf 83' lang='lat' dir='ltr'><strong>plebis.</strong></span> <span class='ocrx_word' id='word_1_44' title='bbox 828 652 926 699; x_wconf 89' lang='lat' dir='ltr'><strong>Sed</strong></span> <span class='ocrx_word' id='word_1_45' title='bbox 956 656 1213 698; x_wconf 83' lang='lat' dir='ltr'><strong>minantur</strong></span> <span class='ocrx_word' id='word_1_46' title='bbox 1241 660 1433 707; x_wconf 89' lang='lat' dir='ltr'><strong>tamen,</strong></span> <span class='ocrx_word' id='word_1_47' title='bbox 1459 655 1510 697; x_wconf 90' lang='lat' dir='ltr'><strong>in</strong></span> <span class='ocrx_word' id='word_1_48' title='bbox 1539 654 1732 713; x_wconf 87' lang='lat' dir='ltr'><strong>primis-</strong></span> 
     </span>
     <span class='ocr_line' id='line_1_8' title="bbox 243 719 1733 782; baseline 0 -17"><span class='ocrx_word' id='word_1_49' title='bbox 243 736 342 782; x_wconf 88' lang='lat' dir='ltr'><strong>que</strong></span> <span class='ocrx_word' id='word_1_50' title='bbox 360 720 484 780; x_wconf 71' lang='lat' dir='ltr'><strong>”Apry</strong></span> <span class='ocrx_word' id='word_1_51' title='bbox 507 720 653 765; x_wconf 67' lang='grc' dir='ltr'>πνέων</span> <span class='ocrx_word' id='word_1_52' title='bbox 684 720 745 778; x_wconf 86' lang='lat' dir='ltr'><strong>Q.</strong></span> <span class='ocrx_word' id='word_1_53' title='bbox 770 719 1023 766; x_wconf 85' lang='lat' dir='ltr'><strong>Scaevola.</strong></span> <span class='ocrx_word' id='word_1_54' title='bbox 1094 720 1243 775; x_wconf 84' lang='lat' dir='ltr'><strong>Cura,</strong></span> <span class='ocrx_word' id='word_1_55' title='bbox 1265 722 1332 765; x_wconf 91' lang='lat' dir='ltr'><strong>mi</strong></span> <span class='ocrx_word' id='word_1_56' title='bbox 1362 722 1654 765; x_wconf 71' lang='lat' dir='ltr'><strong>suavissime</strong></span> <span class='ocrx_word' id='word_1_57' title='bbox 1678 724 1733 765; x_wconf 82' lang='lat' dir='ltr'><strong>et</strong></span> 
     </span>
     <span class='ocr_line' id='line_1_9' title="bbox 243 786 992 842; baseline 0.001 -10"><span class='ocrx_word' id='word_1_58' title='bbox 243 789 497 832; x_wconf 85' lang='lat' dir='ltr'><strong>carissime</strong></span> <span class='ocrx_word' id='word_1_59' title='bbox 523 786 698 842; x_wconf 83' lang='lat' dir='ltr'><strong>frater,</strong></span> <span class='ocrx_word' id='word_1_60' title='bbox 726 794 783 834; x_wconf 86' lang='lat' dir='ltr'><strong>ut</strong></span> <span class='ocrx_word' id='word_1_61' title='bbox 810 787 992 834; x_wconf 85' lang='lat' dir='ltr'><strong>valeas.</strong></span> 
     </span>
    </p>
   </div>
   <div class='ocr_carea' id='block_1_3' title="bbox 828 997 1111 1045">
    <p class='ocr_par' dir='ltr' id='par_1_3' title="bbox 828 997 1111 1045">
     <span class='ocr_line' id='line_1_10' title="bbox 828 997 1111 1045; baseline -0.004 0"><span class='ocrx_word' id='word_1_62' title='bbox 828 998 872 1045; x_wconf 94' lang='lat' dir='ltr'>V</span> <span class='ocrx_word' id='word_1_63' title='bbox 906 1013 1007 1044; x_wconf 65' lang='grc' dir='ltr'><strong>ΛΝΒ</strong></span> <span class='ocrx_word' id='word_1_64' title='bbox 1042 997 1111 1044; x_wconf 97' lang='lat' dir='ltr'><strong>VI</strong></span> 
     </span>
    </p>
   </div>
   <div class='ocr_carea' id='block_1_4' title="bbox 633 1141 1306 1293">
    <p class='ocr_par' dir='ltr' id='par_1_4' title="bbox 633 1141 1306 1293">
     <span class='ocr_line' id='line_1_11' title="bbox 633 1141 1306 1180; baseline -0.003 -5"><span class='ocrx_word' id='word_1_65' title='bbox 633 1142 688 1175; x_wconf 81' lang='grc' dir='ltr'><strong>Μ.</strong></span> <span class='ocrx_word' id='word_1_66' title='bbox 714 1143 888 1174; x_wconf 73' lang='lat' dir='ltr'>CICERO</span> <span class='ocrx_word' id='word_1_67' title='bbox 913 1143 950 1174; x_wconf 89' lang='lat' dir='ltr'><strong>S.</strong></span> <span class='ocrx_word' id='word_1_68' title='bbox 978 1143 1024 1174; x_wconf 85' lang='lat' dir='ltr'><strong>D.</strong></span> <span class='ocrx_word' id='word_1_69' title='bbox 1051 1143 1094 1180; x_wconf 83' lang='lat' dir='ltr'><strong>Q.</strong></span> <span class='ocrx_word' id='word_1_70' title='bbox 1122 1141 1306 1173; x_wconf 73' lang='lat' dir='ltr'>FRATRI</span> 
     </span>
     <span class='ocr_line' id='line_1_12' title="bbox 700 1245 1224 1293; baseline 0 -8"><span class='ocrx_word' id='word_1_71' title='bbox 700 1245 952 1293; x_wconf 81' lang='lat' dir='ltr'><strong>Tusculani,</strong></span> <span class='ocrx_word' id='word_1_72' title='bbox 975 1259 1105 1286; x_wconf 73' lang='lat' dir='ltr'><strong>A.U.C.</strong></span> <span class='ocrx_word' id='word_1_73' title='bbox 1129 1247 1224 1286; x_wconf 85' lang='lat'><strong>700.</strong></span> 
     </span>
    </p>
   </div>
   <div class='ocr_carea' id='block_1_5' title="bbox 199 1349 1737 2084">
    <p class='ocr_par' dir='ltr' id='par_1_5' title="bbox 199 1349 1737 2084">
     <span class='ocr_line' id='line_1_13' title="bbox 199 1349 1736 1414; baseline -0.003 -16"><span class='ocrx_word' id='word_1_74' title='bbox 199 1356 220 1398; x_wconf 76' lang='grc' dir='ltr'>Ι</span> <span class='ocrx_word' id='word_1_75' title='bbox 309 1350 459 1409; x_wconf 82' lang='lat' dir='ltr'><strong>Quod</strong></span> <span class='ocrx_word' id='word_1_76' title='bbox 500 1354 718 1414; x_wconf 82' lang='lat' dir='ltr'><strong>quaeriS,</strong></span> <span class='ocrx_word' id='word_1_77' title='bbox 759 1351 881 1413; x_wconf 89' lang='lat' dir='ltr'><strong>quid</strong></span> <span class='ocrx_word' id='word_1_78' title='bbox 922 1351 986 1397; x_wconf 92' lang='lat' dir='ltr'><strong>de</strong></span> <span class='ocrx_word' id='word_1_79' title='bbox 1027 1350 1121 1396; x_wconf 85' lang='lat' dir='ltr'><strong>illis</strong></span> <span class='ocrx_word' id='word_1_80' title='bbox 1162 1349 1299 1396; x_wconf 89' lang='lat' dir='ltr'><strong>libris</strong></span> <span class='ocrx_word' id='word_1_81' title='bbox 1342 1352 1552 1411; x_wconf 82' lang='lat' dir='ltr'><strong>egerim,</strong></span> <span class='ocrx_word' id='word_1_82' title='bbox 1592 1363 1736 1411; x_wconf 91' lang='lat' dir='ltr'><strong>quos,</strong></span> 
     </span>
     <span class='ocr_line' id='line_1_14' title="bbox 245 1417 1735 1473; baseline -0.001 -10"><span class='ocrx_word' id='word_1_83' title='bbox 245 1434 359 1464; x_wconf 90' lang='lat' dir='ltr'><strong>cum</strong></span> <span class='ocrx_word' id='word_1_84' title='bbox 389 1434 551 1464; x_wconf 83' lang='lat' dir='ltr'><strong>essem</strong></span> <span class='ocrx_word' id='word_1_85' title='bbox 580 1422 629 1464; x_wconf 91' lang='lat' dir='ltr'><strong>in</strong></span> <span class='ocrx_word' id='word_1_86' title='bbox 658 1418 903 1473; x_wconf 87' lang='lat' dir='ltr'><strong>Cumano,</strong></span> <span class='ocrx_word' id='word_1_87' title='bbox 931 1419 1148 1463; x_wconf 85' lang='lat' dir='ltr'><strong>scribere</strong></span> <span class='ocrx_word' id='word_1_88' title='bbox 1176 1420 1391 1471; x_wconf 85' lang='lat' dir='ltr'><strong>institui,</strong></span> <span class='ocrx_word' id='word_1_89' title='bbox 1419 1433 1519 1462; x_wconf 88' lang='lat' dir='ltr'><strong>non</strong></span> <span class='ocrx_word' id='word_1_90' title='bbox 1546 1417 1735 1462; x_wconf 83' lang='lat' dir='ltr'><strong>cessavi</strong></span> 
     </span>
     <span class='ocr_line' id='line_1_15' title="bbox 248 1485 1735 1548; baseline -0.001 -18"><span class='ocrx_word' id='word_1_91' title='bbox 248 1501 414 1548; x_wconf 91' lang='lat' dir='ltr'><strong>neque</strong></span> <span class='ocrx_word' id='word_1_92' title='bbox 450 1501 625 1541; x_wconf 83' lang='lat' dir='ltr'><strong>cess03</strong></span> <span class='ocrx_word' id='word_1_93' title='bbox 678 1486 768 1532; x_wconf 90' lang='lat' dir='ltr'><strong>sed</strong></span> <span class='ocrx_word' id='word_1_94' title='bbox 805 1501 957 1547; x_wconf 84' lang='lat' dir='ltr'><strong>saepe</strong></span> <span class='ocrx_word' id='word_1_95' title='bbox 994 1489 1091 1530; x_wconf 82' lang='lat' dir='ltr'><strong>iam</strong></span> <span class='ocrx_word' id='word_1_96' title='bbox 1131 1485 1381 1530; x_wconf 81' lang='lat' dir='ltr'><strong>scribendi</strong></span> <span class='ocrx_word' id='word_1_97' title='bbox 1417 1490 1584 1530; x_wconf 88' lang='lat' dir='ltr'><strong>totum</strong></span> <span class='ocrx_word' id='word_1_98' title='bbox 1620 1499 1735 1528; x_wconf 90' lang='lat' dir='ltr'><strong>con-</strong></span> 
     </span>
     <span class='ocr_line' id='line_1_16' title="bbox 247 1547 1736 1616; baseline -0.002 -19"><span class='ocrx_word' id='word_1_99' title='bbox 247 1552 411 1598; x_wconf 90' lang='lat' dir='ltr'><strong>silium</strong></span> <span class='ocrx_word' id='word_1_100' title='bbox 435 1556 787 1616; x_wconf 82' lang='lat' dir='ltr'><strong>rationemque</strong></span> <span class='ocrx_word' id='word_1_101' title='bbox 812 1555 1020 1598; x_wconf 89' lang='lat' dir='ltr'><strong>mutavi.</strong></span> <span class='ocrx_word' id='word_1_102' title='bbox 1091 1552 1219 1597; x_wconf 84' lang='lat' dir='ltr'><strong>Nam</strong></span> <span class='ocrx_word' id='word_1_103' title='bbox 1245 1555 1343 1596; x_wconf 84' lang='lat' dir='ltr'><strong>iam</strong></span> <span class='ocrx_word' id='word_1_104' title='bbox 1369 1551 1565 1597; x_wconf 90' lang='lat' dir='ltr'><strong>duobus</strong></span> <span class='ocrx_word' id='word_1_105' title='bbox 1589 1547 1736 1595; x_wconf 89' lang='lat' dir='ltr'><strong>factis</strong></span> 
     </span>
     <span class='ocr_line' id='line_1_17' title="bbox 246 1616 1737 1683; baseline -0.001 -19"><span class='ocrx_word' id='word_1_106' title='bbox 246 1618 401 1675; x_wconf 90' lang='lat' dir='ltr'><strong>libris,</strong></span> <span class='ocrx_word' id='word_1_107' title='bbox 422 1622 473 1665; x_wconf 91' lang='lat' dir='ltr'><strong>in</strong></span> <span class='ocrx_word' id='word_1_108' title='bbox 495 1621 695 1683; x_wconf 89' lang='lat' dir='ltr'><strong>quibus,</strong></span> <span class='ocrx_word' id='word_1_109' title='bbox 718 1619 1098 1666; x_wconf 83' lang='lat' dir='ltr'><strong>novendialibus</strong></span> <span class='ocrx_word' id='word_1_110' title='bbox 1121 1622 1178 1664; x_wconf 89' lang='lat' dir='ltr'><strong>iis</strong></span> <span class='ocrx_word' id='word_1_111' title='bbox 1199 1617 1354 1673; x_wconf 88' lang='lat' dir='ltr'><strong>feriis,</strong></span> <span class='ocrx_word' id='word_1_112' title='bbox 1377 1633 1508 1680; x_wconf 90' lang='lat' dir='ltr'><strong>quae</strong></span> <span class='ocrx_word' id='word_1_113' title='bbox 1529 1616 1737 1662; x_wconf 86' lang='lat' dir='ltr'><strong>fuerunt</strong></span> 
     </span>
     <span class='ocr_line' id='line_1_18' title="bbox 246 1685 1735 1749; baseline -0.001 -18"><span class='ocrx_word' id='word_1_114' title='bbox 246 1685 500 1733; x_wconf 83' lang='lat' dir='ltr'><strong>Tuditano</strong></span> <span class='ocrx_word' id='word_1_115' title='bbox 532 1694 585 1733; x_wconf 88' lang='lat' dir='ltr'><strong>et</strong></span> <span class='ocrx_word' id='word_1_116' title='bbox 616 1687 819 1749; x_wconf 90' lang='lat' dir='ltr'><strong>Aquilio</strong></span> <span class='ocrx_word' id='word_1_117' title='bbox 849 1686 1153 1741; x_wconf 86' lang='lat' dir='ltr'><strong>consulibus,</strong></span> <span class='ocrx_word' id='word_1_118' title='bbox 1184 1702 1348 1731; x_wconf 88' lang='lat' dir='ltr'><strong>sermo</strong></span> <span class='ocrx_word' id='word_1_119' title='bbox 1381 1691 1460 1731; x_wconf 86' lang='lat' dir='ltr'><strong>est</strong></span> <span class='ocrx_word' id='word_1_120' title='bbox 1491 1701 1520 1730; x_wconf 90' lang='lat' dir='ltr'><strong>a</strong></span> <span class='ocrx_word' id='word_1_121' title='bbox 1549 1699 1631 1729; x_wconf 91' lang='lat' dir='ltr'><strong>me</strong></span> <span class='ocrx_word' id='word_1_122' title='bbox 1662 1686 1735 1729; x_wconf 91' lang='lat' dir='ltr'><strong>in-</strong></span> 
     </span>
     <span class='ocr_line' id='line_1_19' title="bbox 247 1749 1736 1815; baseline -0.002 -17"><span class='ocrx_word' id='word_1_123' title='bbox 247 1757 458 1800; x_wconf 87' lang='lat' dir='ltr'><strong>stitutus</strong></span> <span class='ocrx_word' id='word_1_124' title='bbox 508 1753 750 1808; x_wconf 89' lang='lat' dir='ltr'><strong>Africani,</strong></span> <span class='ocrx_word' id='word_1_125' title='bbox 800 1753 966 1815; x_wconf 89' lang='lat' dir='ltr'><strong>paullo</strong></span> <span class='ocrx_word' id='word_1_126' title='bbox 1017 1760 1137 1799; x_wconf 88' lang='lat' dir='ltr'><strong>ante</strong></span> <span class='ocrx_word' id='word_1_127' title='bbox 1188 1759 1423 1807; x_wconf 87' lang='lat' dir='ltr'><strong>mortem,</strong></span> <span class='ocrx_word' id='word_1_128' title='bbox 1474 1758 1527 1797; x_wconf 91' lang='lat' dir='ltr'><strong>et</strong></span> <span class='ocrx_word' id='word_1_129' title='bbox 1578 1749 1736 1805; x_wconf 87' lang='lat' dir='ltr'><strong>Laeli,</strong></span> 
     </span>
     <span class='ocr_line' id='line_1_20' title="bbox 250 1817 1736 1880; baseline -0.002 -15"><span class='ocrx_word' id='word_1_130' title='bbox 250 1819 395 1876; x_wconf 89' lang='lat' dir='ltr'><strong>Phili,</strong></span> <span class='ocrx_word' id='word_1_131' title='bbox 418 1821 614 1876; x_wconf 86' lang='lat' dir='ltr'><strong>Manili,</strong></span> <span class='ocrx_word' id='word_1_132' title='bbox 635 1821 687 1867; x_wconf 93' lang='lat' dir='ltr'><strong>P.</strong></span> <span class='ocrx_word' id='word_1_133' title='bbox 712 1820 885 1875; x_wconf 83' lang='lat' dir='ltr'><strong>Rutili,</strong></span> <span class='ocrx_word' id='word_1_134' title='bbox 905 1820 965 1878; x_wconf 82' lang='lat' dir='ltr'><strong>Q.</strong></span> <span class='ocrx_word' id='word_1_135' title='bbox 986 1820 1265 1866; x_wconf 88' lang='lat' dir='ltr'><strong>Tuberonis</strong></span> <span class='ocrx_word' id='word_1_136' title='bbox 1292 1826 1345 1865; x_wconf 87' lang='lat' dir='ltr'><strong>et</strong></span> <span class='ocrx_word' id='word_1_137' title='bbox 1367 1817 1506 1864; x_wconf 88' lang='lat' dir='ltr'><strong>Laeli</strong></span> <span class='ocrx_word' id='word_1_138' title='bbox 1525 1833 1736 1880; x_wconf 85' lang='lat' dir='ltr'><strong>genero-</strong></span> 
     </span>
     <span class='ocr_line' id='line_1_21' title="bbox 248 1887 1737 1942; baseline -0.003 -9"><span class='ocrx_word' id='word_1_139' title='bbox 248 1904 376 1942; x_wconf 90' lang='lat' dir='ltr'><strong>rum,</strong></span> <span class='ocrx_word' id='word_1_140' title='bbox 405 1888 562 1933; x_wconf 83' lang='lat' dir='ltr'><strong>Fanni</strong></span> <span class='ocrx_word' id='word_1_141' title='bbox 591 1895 643 1934; x_wconf 88' lang='lat' dir='ltr'><strong>et</strong></span> <span class='ocrx_word' id='word_1_142' title='bbox 663 1887 933 1934; x_wconf 84' lang='lat' dir='ltr'><strong>Scaevolae</strong></span> <span class='ocrx_word' id='word_1_143' title='bbox 958 1902 968 1941; x_wconf 88' lang='lat'>;</span> <span class='ocrx_word' id='word_1_144' title='bbox 1014 1903 1178 1933; x_wconf 88' lang='lat' dir='ltr'><strong>sermo</strong></span> <span class='ocrx_word' id='word_1_145' title='bbox 1204 1893 1376 1932; x_wconf 89' lang='lat' dir='ltr'><strong>autem</strong></span> <span class='ocrx_word' id='word_1_146' title='bbox 1404 1889 1455 1931; x_wconf 90' lang='lat' dir='ltr'><strong>in</strong></span> <span class='ocrx_word' id='word_1_147' title='bbox 1475 1900 1655 1931; x_wconf 88' lang='lat' dir='ltr'><strong>novem</strong></span> <span class='ocrx_word' id='word_1_148' title='bbox 1684 1890 1737 1930; x_wconf 86' lang='lat' dir='ltr'><strong>et</strong></span> 
     </span>
     <span class='ocr_line' id='line_1_22' title="bbox 248 1954 1737 2015; baseline -0.003 -15"><span class='ocrx_word' id='word_1_149' title='bbox 248 1954 356 2000; x_wconf 90' lang='lat' dir='ltr'><strong>dies</strong></span> <span class='ocrx_word' id='word_1_150' title='bbox 393 1962 446 2001; x_wconf 89' lang='lat' dir='ltr'><strong>et</strong></span> <span class='ocrx_word' id='word_1_151' title='bbox 482 1954 632 2001; x_wconf 87' lang='lat' dir='ltr'><strong>libros</strong></span> <span class='ocrx_word' id='word_1_152' title='bbox 668 1955 968 2001; x_wconf 85' lang='lat' dir='ltr'><strong>distributus</strong></span> <span class='ocrx_word' id='word_1_153' title='bbox 1004 1954 1068 2000; x_wconf 91' lang='lat' dir='ltr'><strong>de</strong></span> <span class='ocrx_word' id='word_1_154' title='bbox 1105 1957 1297 2015; x_wconf 87' lang='lat' dir='ltr'><strong>optimo</strong></span> <span class='ocrx_word' id='word_1_155' title='bbox 1339 1959 1478 1999; x_wconf 86' lang='lat' dir='ltr'><strong>statu</strong></span> <span class='ocrx_word' id='word_1_156' title='bbox 1519 1954 1737 1998; x_wconf 86' lang='lat' dir='ltr'><strong>civitatis</strong></span> 
     </span>
     <span class='ocr_line' id='line_1_23' title="bbox 249 2018 1737 2084; baseline -0.003 -17"><span class='ocrx_word' id='word_1_157' title='bbox 249 2029 303 2067; x_wconf 89' lang='lat' dir='ltr'><strong>et</strong></span> <span class='ocrx_word' id='word_1_158' title='bbox 328 2022 391 2068; x_wconf 91' lang='lat' dir='ltr'><strong>de</strong></span> <span class='ocrx_word' id='word_1_159' title='bbox 416 2025 609 2084; x_wconf 86' lang='lat' dir='ltr'><strong>optimo</strong></span> <span class='ocrx_word' id='word_1_160' title='bbox 633 2025 740 2067; x_wconf 93' lang='lat' dir='ltr'><strong>cive</strong></span> <span class='ocrx_word' id='word_1_161' title='bbox 764 2038 775 2077; x_wconf 93' lang='grc'>;</span> <span class='ocrx_word' id='word_1_162' title='bbox 812 2038 932 2068; x_wconf 87' lang='lat' dir='ltr'><strong>sane</strong></span> <span class='ocrx_word' id='word_1_163' title='bbox 969 2022 1244 2067; x_wconf 82' lang='lat' dir='ltr'><strong>texebatur</strong></span> <span class='ocrx_word' id='word_1_164' title='bbox 1277 2036 1402 2082; x_wconf 87' lang='lat' dir='ltr'><strong>opus</strong></span> <span class='ocrx_word' id='word_1_165' title='bbox 1437 2018 1737 2073; x_wconf 87' lang='lat' dir='ltr'><strong>luculenter,</strong></span> 
     </span>
    </p>
   </div>
   <div class='ocr_carea' id='block_1_6' title="bbox 253 2154 1737 2576">
    <p class='ocr_par' dir='ltr' id='par_1_6' title="bbox 253 2154 1737 2307">
     <span class='ocr_line' id='line_1_24' title="bbox 307 2154 1737 2209; baseline -0.003 -11"><span class='ocrx_word' id='word_1_166' title='bbox 307 2162 326 2183; x_wconf 76' lang='lat'>⁸</span> <span class='ocrx_word' id='word_1_167' title='bbox 361 2159 428 2199; x_wconf 86' lang='lat' dir='ltr'><strong>He</strong></span> <span class='ocrx_word' id='word_1_168' title='bbox 452 2172 540 2199; x_wconf 87' lang='lat' dir='ltr'><strong>was</strong></span> <span class='ocrx_word' id='word_1_169' title='bbox 564 2173 647 2200; x_wconf 90' lang='lat' dir='ltr'><strong>one</strong></span> <span class='ocrx_word' id='word_1_170' title='bbox 671 2159 720 2199; x_wconf 89' lang='lat' dir='ltr'><strong>of</strong></span> <span class='ocrx_word' id='word_1_171' title='bbox 740 2158 929 2199; x_wconf 89' lang='lat' dir='ltr'><strong>Cicero&#39;s</strong></span> <span class='ocrx_word' id='word_1_172' title='bbox 954 2159 1086 2209; x_wconf 73' lang='lat' dir='ltr'><strong>leyati</strong></span> <span class='ocrx_word' id='word_1_173' title='bbox 1110 2159 1153 2198; x_wconf 90' lang='lat' dir='ltr'><strong>in</strong></span> <span class='ocrx_word' id='word_1_174' title='bbox 1179 2156 1345 2198; x_wconf 90' lang='lat' dir='ltr'><strong>Cilicia.</strong></span> <span class='ocrx_word' id='word_1_175' title='bbox 1407 2156 1476 2196; x_wconf 89' lang='lat' dir='ltr'><strong>He</strong></span> <span class='ocrx_word' id='word_1_176' title='bbox 1499 2154 1685 2196; x_wconf 85' lang='lat' dir='ltr'><strong>claimed</strong></span> <span class='ocrx_word' id='word_1_177' title='bbox 1710 2167 1737 2194; x_wconf 85' lang='lat' dir='ltr'><strong>a</strong></span> 
     </span>
     <span class='ocr_line' id='line_1_25' title="bbox 253 2209 1736 2264; baseline -0.002 -13"><span class='ocrx_word' id='word_1_178' title='bbox 253 2214 447 2264; x_wconf 82' lang='lat' dir='ltr'><strong>triumph</strong></span> <span class='ocrx_word' id='word_1_179' title='bbox 471 2213 540 2254; x_wconf 84' lang='lat' dir='ltr'><strong>for</strong></span> <span class='ocrx_word' id='word_1_180' title='bbox 564 2214 629 2254; x_wconf 88' lang='lat' dir='ltr'><strong>his</strong></span> <span class='ocrx_word' id='word_1_181' title='bbox 654 2212 891 2254; x_wconf 89' lang='lat' dir='ltr'><strong>successful</strong></span> <span class='ocrx_word' id='word_1_182' title='bbox 914 2214 1151 2264; x_wconf 88' lang='lat' dir='ltr'><strong>campaign</strong></span> <span class='ocrx_word' id='word_1_183' title='bbox 1176 2214 1352 2263; x_wconf 84' lang='lat' dir='ltr'><strong>against</strong></span> <span class='ocrx_word' id='word_1_184' title='bbox 1375 2210 1450 2251; x_wconf 83' lang='lat' dir='ltr'><strong>the</strong></span> <span class='ocrx_word' id='word_1_185' title='bbox 1475 2209 1736 2260; x_wconf 87' lang='lat' dir='ltr'><strong>Allobroges</strong></span> 
     </span>
     <span class='ocr_line' id='line_1_26' title="bbox 254 2268 386 2307; baseline 0.015 -2"><span class='ocrx_word' id='word_1_186' title='bbox 254 2268 296 2305; x_wconf 92' lang='lat' dir='ltr'><strong>in</strong></span> <span class='ocrx_word' id='word_1_187' title='bbox 320 2270 386 2307; x_wconf 87' lang='lat'><strong>61.</strong></span> 
     </span>
    </p>

    <p class='ocr_par' dir='ltr' id='par_1_7' title="bbox 315 2319 697 2372">
     <span class='ocr_line' id='line_1_27' title="bbox 315 2319 697 2372; baseline 0.005 -13"><span class='ocrx_word' id='word_1_188' title='bbox 315 2319 330 2343; x_wconf 52' lang='grc' dir='ltr'><strong>ὓ</strong></span> <span class='ocrx_word' id='word_1_189' title='bbox 361 2320 424 2359; x_wconf 83' lang='lat' dir='ltr'><strong>De</strong></span> <span class='ocrx_word' id='word_1_190' title='bbox 444 2320 697 2372; x_wconf 72' lang='lat' dir='ltr'><strong>Republica.</strong></span> 
     </span>
    </p>

    <p class='ocr_par' dir='ltr' id='par_1_8' title="bbox 256 2368 1736 2477">
     <span class='ocr_line' id='line_1_28' title="bbox 316 2368 1736 2423; baseline -0.003 -10"><span class='ocrx_word' id='word_1_191' title='bbox 316 2378 330 2396; x_wconf 79' lang='lat'><strong><em>⁶</em></strong></span> <span class='ocrx_word' id='word_1_192' title='bbox 366 2374 415 2413; x_wconf 91' lang='lat' dir='ltr'><strong>In</strong></span> <span class='ocrx_word' id='word_1_193' title='bbox 449 2377 524 2414; x_wconf 71' lang='lat'><strong>129</strong></span> <span class='ocrx_word' id='word_1_194' title='bbox 557 2388 635 2415; x_wconf 76' lang='lat' dir='ltr'><strong>1³.c.</strong></span> <span class='ocrx_word' id='word_1_195' title='bbox 664 2374 737 2414; x_wconf 88' lang='lat' dir='ltr'><strong>the</strong></span> <span class='ocrx_word' id='word_1_196' title='bbox 764 2372 1056 2414; x_wconf 89' lang='lat' dir='ltr'><strong>Novendialia</strong></span> <span class='ocrx_word' id='word_1_197' title='bbox 1085 2386 1194 2412; x_wconf 84' lang='lat' dir='ltr'><strong>were</strong></span> <span class='ocrx_word' id='word_1_198' title='bbox 1223 2385 1250 2412; x_wconf 91' lang='lat' dir='ltr'><strong>a</strong></span> <span class='ocrx_word' id='word_1_199' title='bbox 1278 2373 1379 2411; x_wconf 89' lang='lat' dir='ltr'><strong>nine</strong></span> <span class='ocrx_word' id='word_1_200' title='bbox 1412 2370 1538 2423; x_wconf 79' lang='lat' dir='ltr'><strong>days&#39;</strong></span> <span class='ocrx_word' id='word_1_201' title='bbox 1565 2368 1736 2411; x_wconf 89' lang='lat' dir='ltr'><strong>festival</strong></span> 
     </span>
     <span class='ocr_line' id='line_1_29' title="bbox 256 2426 1488 2477; baseline 0 -12"><span class='ocrx_word' id='word_1_202' title='bbox 256 2426 355 2466; x_wconf 84' lang='lat' dir='ltr'><strong>held</strong></span> <span class='ocrx_word' id='word_1_203' title='bbox 377 2440 433 2467; x_wconf 92' lang='lat' dir='ltr'><strong>on</strong></span> <span class='ocrx_word' id='word_1_204' title='bbox 455 2428 529 2467; x_wconf 82' lang='lat' dir='ltr'><strong>the</strong></span> <span class='ocrx_word' id='word_1_205' title='bbox 550 2431 751 2468; x_wconf 87' lang='lat' dir='ltr'><strong>occasion</strong></span> <span class='ocrx_word' id='word_1_206' title='bbox 774 2428 823 2467; x_wconf 87' lang='lat' dir='ltr'><strong>of</strong></span> <span class='ocrx_word' id='word_1_207' title='bbox 841 2440 961 2467; x_wconf 86' lang='lat' dir='ltr'><strong>some</strong></span> <span class='ocrx_word' id='word_1_208' title='bbox 983 2428 1280 2477; x_wconf 88' lang='lat' dir='ltr'><strong>inauspicious</strong></span> <span class='ocrx_word' id='word_1_209' title='bbox 1302 2429 1488 2477; x_wconf 84' lang='lat' dir='ltr'><strong>portent.</strong></span> 
     </span>
    </p>

    <p class='ocr_par' dir='ltr' id='par_1_9' title="bbox 257 2476 1736 2576">
     <span class='ocr_line' id='line_1_30' title="bbox 312 2476 1736 2532; baseline -0.003 -12"><span class='ocrx_word' id='word_1_210' title='bbox 312 2479 331 2505; x_wconf 74' lang='lat'><strong><em>⁴</em></strong></span> <span class='ocrx_word' id='word_1_211' title='bbox 364 2480 447 2520; x_wconf 88' lang='lat' dir='ltr'><strong>For</strong></span> <span class='ocrx_word' id='word_1_212' title='bbox 472 2482 619 2532; x_wconf 77' lang='lat' dir='ltr'><strong>Scipio</strong></span> <span class='ocrx_word' id='word_1_213' title='bbox 650 2481 922 2521; x_wconf 74' lang='lat' dir='ltr'><strong>Africanus&#39;s</strong></span> <span class='ocrx_word' id='word_1_214' title='bbox 951 2479 1171 2532; x_wconf 78' lang='lat' dir='ltr'><strong>supposed</strong></span> <span class='ocrx_word' id='word_1_215' title='bbox 1203 2479 1378 2520; x_wconf 84' lang='lat' dir='ltr'><strong>murder</strong></span> <span class='ocrx_word' id='word_1_216' title='bbox 1403 2492 1473 2519; x_wconf 87' lang='lat' dir='ltr'><strong>see</strong></span> <span class='ocrx_word' id='word_1_217' title='bbox 1503 2481 1603 2517; x_wconf 90' lang='lat' dir='ltr'><strong>note</strong></span> <span class='ocrx_word' id='word_1_218' title='bbox 1631 2476 1653 2516; x_wconf 84' lang='lat' dir='ltr'><em>b</em></span> <span class='ocrx_word' id='word_1_219' title='bbox 1680 2488 1736 2517; x_wconf 88' lang='lat' dir='ltr'><strong>on</strong></span> 
     </span>
     <span class='ocr_line' id='line_1_31' title="bbox 257 2534 606 2576; baseline 0.009 -3"><span class='ocrx_word' id='word_1_220' title='bbox 257 2534 378 2575; x_wconf 83' lang='lat' dir='ltr'><strong>Fam.</strong></span> <span class='ocrx_word' id='word_1_221' title='bbox 400 2537 455 2575; x_wconf 86' lang='lat' dir='ltr'><strong>ix.</strong></span> <span class='ocrx_word' id='word_1_222' title='bbox 478 2538 544 2575; x_wconf 69' lang='lat'><strong>91.</strong></span> <span class='ocrx_word' id='word_1_223' title='bbox 568 2539 606 2576; x_wconf 82' lang='lat'><strong>3.</strong></span> 
     </span>
    </p>
   </div>
   <div class='ocr_carea' id='block_1_7' title="bbox 257 2604 349 2645">
    <p class='ocr_par' dir='ltr' id='par_1_10' title="bbox 257 2604 349 2645">
     <span class='ocr_line' id='line_1_32' title="bbox 257 2604 349 2645; baseline 0 0"><span class='ocrx_word' id='word_1_224' title='bbox 257 2604 349 2645; x_wconf 79' lang='lat'><strong>588</strong></span> 
     </span>
    </p>
   </div>
  </div>
 </body>
</html>
