1837 3029
837 176 1088 225 CICERO

219 316 406 365 antea3
466 309 556 356 sed
597 315 748 371 putat
788 312 1033 355 interesse
1075 323 1182 362 sua,
1224 322 1306 353 me
1349 305 1414 353 ad
1454 312 1509 352 te
1550 321 1701 368 quam

217 379 508 439 saepissime
542 377 775 422 scribere.
843 374 1013 433 Quare
1047 374 1197 421 velim
1230 373 1352 419 mihi
1385 376 1631 437 ignoscas,
1661 376 1701 419 si

217 443 346 490 illius
383 443 630 490 voluntati
677 443 1035 505 obtemperans
1082 444 1246 488 minus
1281 441 1489 488 videbor
1528 443 1703 486 memi-

170 520 193 558 2
218 514 348 557 nisse
396 513 712 557 constantiae
750 517 887 556 tuae.
970 509 1016 555 A
1052 515 1106 555 te
1141 509 1277 555 idem
1312 507 1435 554 illud
1469 514 1609 569 peto,
1645 514 1702 553 ut

215 577 279 624 de
320 577 445 633 loco,
486 594 585 640 quo
626 577 865 638 deportet
903 575 1234 631 frumentum,
1275 581 1328 622 et
1368 575 1432 622 de
1471 581 1702 636 tempore

217 646 430 691 Avianio
477 645 800 699 commodes3
857 660 1070 706 quorum
1117 650 1406 706 utrumque·
1437 657 1527 703 per
1565 657 1703 688 eum-

215 712 333 758 dem
383 727 466 758 me
517 712 737 758 obtinuit
787 713 1078 765 triennium,
1129 710 1250 756 dum
1302 707 1571 770 Pompeius
1619 711 1702 755 isti

216 782 422 841 negotio
457 777 693 840 praefuit.
765 776 973 824 Summa
1011 784 1105 832 est,
1142 780 1193 822 in
1231 792 1331 839 quo
1368 775 1488 822 mihi
1525 778 1702 838 gratis—

215 849 396 891 simum
421 843 588 891 facere
613 848 787 907 possis,
806 848 846 891 si
871 848 1073 899 curaris,
1098 851 1156 890 ut
1181 844 1439 898 Avianius,
1464 845 1701 906 quoniam

214 927 268 958 se
301 929 330 958 a
359 929 441 958 me
474 916 629 958 amari
660 919 828 974 putat,
858 928 941 959 me
973 929 1002 958 a
1033 919 1086 958 te
1119 914 1274 957 amari
1304 913 1445 957 sciat.
1511 909 1621 956 Erit
1649 909 1701 956 id

214 978 334 1026 mihi
358 986 669 1043 pergratum.

852 1187 1066 1234 LXXVI

334 1322 389 1355 M.
425 1323 470 1355 T.
507 1324 548 1356 c.
583 1323 621 1355 S.
660 1324 706 1354 D.
743 1322 918 1360 QUATT.
954 1322 1086 1353 vlms
1121 1322 1183 1353 Εἰ·
1217 1321 1582 1354 DECURIONIBUS

700 1425 886 1474 Romae,
905 1438 1024 1466 anno
1044 1426 1224 1466 incerto.

167 1539 186 1578 1
275 1532 472 1579 Tantae
501 1530 623 1578 mihi
652 1547 766 1578 cum
797 1530 858 1590 Q.
891 1531 1079 1593 Hippio
1108 1546 1290 1577 causae
1319 1531 1701 1578 necessitudinis

214 1607 349 1655 sunt,
398 1607 456 1647 ut
502 1599 623 1645 nihil
678 1602 836 1661 possit
894 1615 1002 1645 esse
1051 1601 1362 1645 coniunctius
1411 1615 1564 1661 quam
1613 1615 1700 1645 nos

213 1671 346 1713 inter
382 1683 471 1713 nos
508 1682 694 1713 sumus.
766 1665 916 1724 Quod
952 1669 1045 1711 nisi
1081 1669 1154 1712 ita
1192 1672 1343 1720 esset,
1380 1673 1552 1712 uterer
1587 1683 1700 1712 mea

213 1734 597 1790 consuetudine,
632 1740 690 1780 ut
725 1734 863 1780 vobis
898 1733 1035 1778 nulla
1069 1736 1120 1778 in
1154 1749 1208 1779 re
1243 1732 1486 1779 molestus
1522 1749 1698 1780 essem.

214 1802 419 1848 Etenim
473 1817 557 1847 vos
609 1799 730 1846 mihi
782 1803 959 1861 optimi
1012 1806 1172 1846 testes
1226 1803 1363 1855 estiS‚
1415 1817 1529 1846 cum
1580 1799 1701 1846 mihi

213 1884 508 1930 persuasum
539 1874 691 1922 esset,
722 1866 843 1913 nihil
875 1883 1001 1921 esse,
1033 1867 1169 1928 quod
1200 1883 1229 1912 a
1260 1867 1398 1913 vobis
1428 1870 1702 1929 impetrare

214 1951 313 1981 non
339 1951 556 1997 possem,
583 1951 860 1996 numquam
885 1950 967 1980 me
995 1941 1168 1980 tamen
1194 1950 1401 1996 gravem
1428 1935 1565 1980 vobis
1593 1951 1702 1981 esse

166 2009 190 2048 2
215 2002 442 2049 voluisse.
506 2001 851 2048 Vehementer
878 2004 1033 2064 igitur
1062 2018 1146 2047 vos
1177 2004 1331 2047 etiam
1361 2007 1517 2064 atque
1547 2005 1701 2048 etiam

213 2086 352 2133 rogo,
383 2077 441 2116 ut
469 2068 669 2116 honoris
698 2072 798 2114 mei
828 2085 979 2115 causa
1007 2067 1351 2114 liberalissime
1382 2067 1436 2115 C.
1469 2067 1702 2132 Valgium

277 2235 297 2254 ‘²
325 2229 418 2269 The
441 2231 547 2269 time
568 2228 658 2268 and
681 2227 806 2281 place
828 2227 878 2268 of
895 2229 969 2268 the
992 2227 1186 2280 delivery
1208 2241 1298 2268 was
1321 2227 1370 2268 of
1388 2241 1542 2269 course
1564 2229 1613 2269 of
1630 2230 1704 2270 the

220 2288 386 2323 utmost
409 2286 695 2335 importance‚
719 2282 808 2322 and
834 2284 1049 2322 Avianius
1072 2295 1212 2323 seems
1235 2287 1281 2322 to
1305 2282 1416 2323 have
1439 2283 1549 2323 been
1572 2285 1703 2336 given

219 2343 334 2377 curte
355 2338 530 2383 blanche
552 2339 595 2377 in
617 2337 724 2377 both
747 2341 951 2388 respectS.

281 2391 296 2414 ²³
327 2391 443 2431 That
476 2391 563 2431 this
597 2390 721 2431 letter
756 2392 791 2430 is
825 2389 1063 2430 addressed
1096 2394 1142 2430 to
1176 2403 1297 2430 some
1330 2391 1622 2442 municipium
1655 2404 1704 2432 or

220 2445 344 2484 other·
377 2446 411 2484 is
443 2443 619 2484 evident
648 2444 762 2484 from
796 2444 870 2483 the
902 2449 1035 2484 ternis
1068 2443 1190 2490 used,
1223 2443 1385 2483 IVciri
1415 2443 1504 2484 and
1537 2445 1704 2485 ‹Iocari-

220 2512 334 2544 mzesc,
366 2499 439 2538 the
471 2497 598 2538 latter
627 2497 762 2547 being
793 2498 866 2537 the
897 2502 1094 2537 senators
1126 2498 1174 2537 of
1201 2510 1227 2536 a
1257 2498 1579 2549 municipiorum
1628 2499 1707 2539 but

222 2566 284 2591 we
307 2552 437 2591 know
460 2565 516 2592 no
538 2565 671 2592 more.
721 2551 891 2603 'l‘yrrell
910 2556 1113 2603 suggests
1134 2552 1229 2590 that
1251 2553 1282 2591 it
1303 2552 1444 2603 might
1466 2553 1576 2591 have
1597 2552 1706 2592 been

221 2619 312 2664 170
