1837 3029
857 203 1109 251 CICERO

889 372 1081 419 LXXII

477 509 529 539 Μ.
567 509 610 539 Τ.
648 510 688 538 (’.
725 507 762 538 s,
802 508 847 538 D.
887 507 928 537 P.
966 507 1189 537 SERVILIO
1225 506 1466 539 (TOLLEGAE

757 619 941 664 Romae.
964 632 1096 659 Α.υ.ς.
1119 616 1226 659 708(

194 744 211 782 1
304 735 598 790 Caerelliae,
639 737 950 780 necessariae
991 750 1155 789 meae,
1195 750 1320 788 rem,
1360 737 1580 789 nomina,
1619 750 1728 796 pos-

239 807 484 849 sessiones
538 803 786 848 Asiaticas
839 801 1187 847 commendavi
1242 802 1334 847 tibi
1388 817 1626 863 praesens
1682 804 1729 845 in

240 869 396 916 hortis
427 872 545 924 tuis,
577 885 729 931 quam
760 872 902 930 potui
935 868 1352 931 diligentissime3
1401 875 1562 930 tuque
1591 867 1732 921 mihi,

239 953 329 999 pro
364 944 455 983 tua
487 936 872 990 consuetudine,
906 952 1099 997 proque
1134 938 1234 981 tuis
1269 938 1319 980 in
1354 951 1436 981 me
1471 938 1731 997 perpetuis

239 1007 574 1066 maximisque
603 1003 790 1058 officiiS,
821 1006 989 1048 omnia
1019 1008 1073 1049 te
1104 1001 1357 1048 facturum
1387 1001 1731 1048 liberalissime

239 1074 488 1133 recepisti.
555 1070 849 1115 Meminisse
877 1076 930 1115 te
958 1069 1009 1115 id
1036 1085 1183 1131 spero
1207 1084 1218 1124 3
1263 1072 1363 1115 scio
1391 1068 1729 1115 enimsolere.

239 1138 339 1183 Sed
383 1145 556 1184 tamen
601 1136 877 1182 Caerelliae
920 1143 1268 1198 procuratores
1311 1139 1635 1198 scripserunt,
1678 1142 1731 1180 te

238 1212 446 1267 propter
486 1204 890 1267 magnitudinem
925 1206 1210 1266 provinciae
1249 1202 1732 1264 multitudinemque

240 1276 559 1335 negotiorum
589 1274 743 1317 etiam
774 1278 929 1332 atque
959 1274 1114 1316 etiam
1144 1286 1253 1316 esse
1281 1268 1733 1316 commonefacien-

191 1346 215 1384 2
240 1340 376 1384 dum.
438 1338 564 1384 Peto
589 1342 760 1400 igitur,
786 1345 843 1383 ut
867 1340 1173 1392 memineris,
1198 1344 1251 1383 te
1277 1340 1462 1392 omnia,
1487 1353 1618 1398 quae
1643 1343 1733 1382 tua

240 1406 364 1451 fides
396 1412 678 1467 pateretur,
709 1403 830 1450 mihi
861 1404 1117 1450 cumulate
1149 1407 1413 1466 recepisse.
1480 1403 1729 1465 Equidem

241 1476 493 1527 existimo,
518 1471 707 1517 habere
733 1477 786 1517 te
812 1488 1050 1534 magnam
1076 1470 1375 1517 facultatem
1401 1471 1512 1531 (sed
1536 1469 1630 1516 hoc
1656 1477 1734 1515 est

239 1543 313 1586 tui
343 1539 514 1586 consili
545 1546 598 1586 et
625 1538 797 1600 iudici)
826 1555 888 1584 ex
921 1555 980 1585 eo
1012 1545 1218 1584 senatus
1247 1537 1493 1592 consulto,
1519 1536 1654 1600 quod
1683 1539 1732 1582 in

239 1606 453 1653 heredes
489 1606 543 1652 C.
581 1605 812 1652 Vennoni
845 1604 1038 1651 factum
1075 1612 1170 1660 est,
1205 1604 1481 1651 Caerelliae
1516 1621 1733 1650 commo-

239 1674 408 1720 dandi.
475 1673 535 1720 Id
565 1679 772 1719 senatus
803 1672 1088 1718 consultum
1120 1679 1177 1718 tu
1206 1671 1613 1733 interpretabere
1643 1687 1734 1732 pro

239 1748 330 1787 tua
366 1743 632 1802 sapientia.
704 1739 815 1785 Scio
854 1743 987 1785 enirn
1022 1743 1128 1785 eius
1157 1739 1342 1785 ordinis
1376 1741 1731 1785 auctoritatem

239 1824 440 1869 semper
474 1807 609 1869 apud
643 1814 696 1852 te
731 1810 901 1868 magni
935 1805 1104 1852 fuisse.
1173 1805 1323 1864 Quod
1355 1805 1604 1868 reliquum
1639 1812 1735 1860 est,

241 1878 309 1920 sie
347 1874 492 1920 velim
533 1877 808 1927 existimes,
838 1874 1239 1934 quibuscumque
1269 1873 1418 1918 rebus
1456 1871 1732 1919 Caerelliae

241 1942 462 2005 benigne
486 1939 682 1995 feceris,
707 1939 827 1986 mihi
852 1947 905 1986 te
930 1943 1271 2002 gratissimum
1297 1956 1406 1986 esse
1431 1937 1699 1985 facturum,

302 2065 319 2082 ⁰
352 2060 391 2099 A
416 2058 507 2098 rich
531 2057 618 2098 and
644 2056 971 2108 accomplished
994 2056 1098 2108 lady
1120 2056 1373 2109 frequently
1398 2055 1649 2096 mentioned
1673 2054 1733 2107 by

243 2114 427 2153 Cicero
418 2126 460 2152 in
484 2112 550 2152 his
573 2112 718 2152 letters
739 2116 784 2151 to
807 2111 995 2152 Atticus.
1043 2112 1131 2151 She
1152 2110 1307 2162 copied
1329 2114 1407 2151 out
1426 2111 1501 2150 the
1521 2110 1585 2150 De
1607 2109 1734 2150 Fini-

243 2167 334 2207 bus.
394 2167 433 2206 It
459 2180 649 2218 appears
673 2167 787 2206 from
810 2167 907 2205 Act.
940 2167 1012 2205 xii.
1039 2169 1107 2205 51.
1138 2169 1165 2205 3
1190 2165 1287 2205 that
1315 2165 1469 2205 Cicero
1497 2177 1606 2205 once
1635 2163 1735 2204 bor-

243 2234 329 2261 rou
333 2220 386 2261 ed
414 2234 575 2272 money
597 2222 711 2261 from
737 2221 828 2266 her,
852 2219 994 2260 which
1019 2220 1193 2260 Atticus
1215 2218 1472 2260 considered
1496 2217 1732 2269 unworthy

241 2277 291 2316 of
310 2275 377 2315 his
397 2277 602 2326 position.

303 2329 318 2351 ⁶
349 2328 517 2380 lyrrell
546 2326 699 2368 thinks
728 2327 814 2368 this
845 2340 934 2366 was
965 2341 991 2366 a
1019 2332 1195 2367 venatus
1224 2326 1470 2366 consultum
1498 2323 1657 2377 passed
1686 2328 1731 2365 to

242 2387 355 2423 meet
378 2397 401 2421 a
424 2397 524 2434 sp«
532 2382 585 2422 i1l
608 2395 705 2421 case
729 2383 770 2421 in
793 2382 1001 2421 violation
1025 2382 1074 2420 of
1094 2381 1167 2420 the
1190 2380 1308 2427 law‚s
1333 2379 1517 2420 another
1539 2380 1735 2420 instance

241 2438 292 2476 of
307 2437 447 2476 which
472 2438 505 2475 is
525 2435 753 2475 described
777 2437 819 2476 in
844 2437 1185 2475 Att.v.21.12.

250 2632 339 2678 164
