1837 3029
858 168 1108 216 CICERO

242 302 493 361 persecuti
527 316 698 345 eorum
732 302 1011 346 sententias
1045 302 1148 361 qui,
1177 298 1382 345 Afranio
1415 314 1529 344 cum
1559 306 1727 346 essent

244 379 447 431 assensi,
483 377 803 431 addiderunt,
839 383 896 422 ut
930 383 1188 438 praetores
1222 379 1295 422 ita
1329 382 1636 430 crearentur,
1671 382 1728 422 ut

243 452 349 500 dies
367 468 439 499 Lx.
459 457 639 515 privati
660 460 842 500 essent.
879 453 952 499 Eo
970 453 1050 499 die
1069 453 1313 499 Catonem
1331 452 1480 515 plane
1497 452 1728 516 repudia—

243 537 374 576 runt.
440 530 572 588 Quid
602 530 802 577 multa?
851 537 1030 577 tenent
1061 534 1244 585 omnia,
1274 530 1425 592 idque
1454 532 1527 575 ita
1555 546 1728 577 omnes

242 606 536 670 intellegere
562 607 749 655 volunt.

961 756 1008 804 X

704 900 897 933 MARCUS
933 902 976 938 Q.
1015 901 1197 932 FRATRI
1231 900 1269 933 S.

760 1013 964 1062 Cumani,
987 1027 1118 1055 A.U.C.
1142 1016 1238 1054 699.

199 1135 220 1177 1
308 1129 385 1176 Tu
418 1132 619 1186 metuis,
655 1146 716 1176 ne
751 1146 831 1176 me
866 1129 1197 1191 interpelles?
1265 1128 1448 1186 Primo,
1481 1133 1520 1176 si
1553 1132 1605 1176 in
1636 1132 1732 1176 isto

248 1223 427 1263 essem,
453 1214 509 1253 tu
534 1210 643 1262 scis,
670 1207 790 1269 quid
815 1210 879 1253 sit
904 1205 1225 1268 interpellare
1249 1207 1267 1253 ?
1325 1208 1407 1253 An
1432 1214 1485 1253 te
1510 1207 1690 1254 Ateius
1713 1207 1731 1253 ?

250 1283 544 1330 Mehercule
604 1283 724 1330 mihi
786 1284 965 1330 docere
1027 1284 1274 1330 videbaris
1334 1287 1475 1330 istius
1535 1287 1733 1347 generis

248 1360 636 1417 humanitatem,
662 1378 762 1423 qua
786 1361 991 1424 quidem
1017 1377 1111 1425 ego
1137 1360 1257 1406 nihil
1283 1368 1396 1408 utor
1420 1362 1508 1408 abs
1533 1368 1601 1409 te.
1658 1361 1733 1408 Tu

250 1454 382 1493 vero,
408 1445 464 1485 ut
486 1455 568 1484 me
594 1445 647 1484 et
671 1438 893 1500 appelles
918 1445 970 1484 et
994 1438 1284 1500 interpelles
1309 1446 1363 1485 et
1385 1438 1657 1501 obloquare
1682 1445 1735 1485 et

250 1515 549 1578 colloquare,
588 1515 752 1562 velim.
825 1515 958 1573 Quid
998 1518 1130 1561 enim
1168 1514 1288 1561 mihi
1326 1519 1524 1562 suavius
1547 1516 1566 1562 ?
1623 1515 1735 1562 Non

249 1592 535 1639 mehercule
561 1596 825 1656 quisquam
855 1592 1247 1654 μουσοπάτακτος
1277 1592 1514 1639 libentius
1547 1609 1636 1640 sua
1660 1609 1735 1639 re-

249 1673 415 1716 centia
440 1677 678 1733 poemata
702 1669 843 1733 legit,
869 1687 1021 1733 quam
1047 1686 1142 1733 ego
1167 1677 1219 1716 te
1246 1670 1394 1717 audio
1419 1687 1735 1734 quacumque

251 1748 313 1794 de
336 1764 406 1803 re,
426 1747 642 1810 publica,
664 1751 876 1810 privata,
897 1750 1098 1804 rustica,
1121 1748 1326 1795 urbana.
1381 1746 1482 1795 Sed
1502 1764 1616 1795 mea
1636 1747 1735 1795 fac-

251 1832 360 1872 tum
401 1832 478 1872 est
516 1824 700 1872 insulsa
740 1825 1057 1881 verecundia,
1096 1832 1154 1872 ut
1191 1832 1244 1872 te
1283 1825 1612 1887 proficiscens·
1638 1842 1737 1872 non

252 1902 496 1949 tollerem.
594 1902 887 1964 Opposuisti
927 1901 1083 1949 semel
1131 1902 1470 1949 ἀναντίλεκτον
1517 1919 1735 1958 causam,

254 1979 502 2026 Ciceronis
534 1983 689 2025 nostri
722 1979 1098 2035 valetudinem3
1147 1983 1397 2026 conticui:
1445 1983 1629 2027 iterum
1659 1981 1736 2027 Ci-

203 2064 227 2103 2
253 2073 456 2103 cerones
481 2073 492 2112 3
562 2060 742 2120 quievi.
830 2057 974 2103 Nunc
1024 2056 1145 2103 mihi
1204 2058 1529 2104 iucunditatis
1588 2057 1736 2120 plena

254 2133 467 2196 epistula
497 2133 588 2180 hoc
610 2137 822 2196 aspersit
847 2134 1128 2189 molestiae,
1149 2135 1283 2197 quod
1311 2135 1507 2191 videriS,
1529 2151 1591 2181 ne
1616 2135 1737 2182 mihi

323 2300 341 2318 ⁰
371 2294 476 2334 This
498 2293 639 2333 would
668 2294 778 2334 have
803 2293 944 2334 suited
972 2293 1096 2341 Cato,
1123 2295 1255 2341 since,
1280 2307 1329 2335 as
1355 2296 1523 2346 private
1546 2297 1739 2343 citizenS,

254 2348 357 2399 they
375 2347 502 2387 could
523 2348 574 2387 be
592 2347 833 2399 procecdcd
849 2350 1037 2399 against.
1079 2348 1162 2387 But
1183 2348 1256 2388 the
1276 2348 1450 2389 consuls
1469 2348 1610 2390 would
1629 2350 1738 2390 have

259 2416 372 2441 none
394 2402 442 2440 of
461 2403 506 2447 it,
529 2401 616 2440 and
639 2402 742 2452 they
766 2415 890 2448 were,
913 2416 961 2441 as
984 2401 1135 2442 Cicero
1156 2401 1282 2449 adds,
1305 2404 1330 2418 ‘¹
1353 2404 1673 2454 omnipotent.''

318 2456 333 2479 ι’
365 2455 428 2495 Or
451 2460 475 2471 ‘⁶
493 2456 571 2494 has
595 2457 748 2494 Ateius
776 2455 884 2495 been
915 2457 1208 2507 interrupting
1235 2456 1394 2507 you?'‘
1426 2458 1578 2497 Ateius
1607 2458 1735 2509 being

259 2522 378 2548 some
402 2511 623 2548 notorious
646 2509 762 2549 bore.

263 2580 354 2620 512
