1868 3040
887 205 1139 253 CICERO

912 366 1110 413 XXVII

785 512 960 542 menno
993 511 1167 541 ssavm
1200 509 1239 543 s.

788 625 971 673 Romae,
993 638 1125 666 A.u.c.
1147 627 1244 665 708.

221 750 238 791 1
334 743 477 790 Licet
515 743 694 789 eodem
735 741 968 804 exemplo
1004 745 1205 804 saepius
1244 742 1333 787 tibi
1373 740 1518 787 huius
1556 740 1754 802 generis

270 813 462 860 litteras
491 816 711 867 mittam,
739 829 852 858 cum
881 815 1069 875 gratias
1099 829 1265 875 agam,
1295 811 1429 874 quod
1458 827 1595 857 meas
1623 825 1755 855 com-

269 884 619 930 mendationes
657 890 762 929 tam
800 883 1072 946 diligenter
1108 884 1341 929 observes
1379 881 1536 944 (quod
1573 879 1668 926 feci
1703 880 1754 923 in

272 952 396 1008 aliis,
426 960 479 1000 et
517 951 716 1009 faciam,
749 960 808 1000 ut
847 954 1009 1008 video,
1043 952 1281 1015 saepius),
1315 952 1402 998 sed
1443 958 1618 998 tamen
1655 966 1754 995 non

272 1040 472 1085 parcam
501 1040 703 1086 operae,
724 1031 777 1071 et
797 1031 854 1071 ut
879 1041 962 1070 vos
983 1023 1153 1070 soletis
1172 1026 1222 1069 in
1242 1022 1483 1077 formulis,
1503 1025 1571 1067 sic
1591 1037 1686 1083 ego
1705 1021 1754 1064 in

222 1100 247 1138 2
273 1093 498 1155 epistulis
533 1093 590 1140 de
623 1094 779 1140 eadem
815 1112 865 1141 re
900 1093 993 1140 ale'o
1028 1093 1174 1140 modo.
1238 1093 1291 1140 C.
1327 1093 1567 1139 Avianius
1603 1093 1758 1154 igitur

273 1164 605 1211 Hammonius
652 1165 969 1212 incredibiles
1018 1164 1138 1211 mihi
1187 1167 1376 1228 gratias
1425 1179 1516 1226 per
1562 1161 1757 1207 litteras

274 1238 397 1297 egit,
424 1243 476 1282 et
501 1253 590 1283 suo
610 1243 662 1282 et
680 1237 864 1283 Aemili
884 1237 1082 1292 Aviani,
1099 1239 1298 1299 patroni
1317 1238 1410 1289 sui,
1429 1236 1648 1287 nomine,
1666 1247 1760 1277 nec

273 1305 543 1362 liberalius,
583 1323 676 1353 nec
714 1307 1122 1354 honorificentius
1161 1310 1386 1369 potuisse
1424 1306 1630 1352 tractari
1667 1317 1762 1348 nec

274 1392 327 1421 se
359 1385 682 1439 praesentem
716 1395 809 1424 nec
840 1394 947 1424 rem
978 1377 1276 1424 familiarem
1310 1377 1532 1423 absentis
1564 1373 1763 1437 patroni

274 1450 365 1493 sui.
432 1447 492 1494 Id
523 1448 642 1494 mihi
675 1466 788 1495 cum
819 1449 1093 1494 iucundum
1127 1456 1205 1495 est
1237 1464 1409 1494 eorum
1441 1463 1608 1500 causa,
1639 1459 1762 1506 quos

276 1517 368 1564 tibi
397 1534 492 1581 ego
512 1535 709 1565 summa
728 1520 1099 1565 necessitudine
1122 1526 1175 1565 et
1199 1536 1395 1565 summa
1413 1518 1764 1565 coniunctione

277 1588 524 1635 adductus
557 1589 1047 1645 commendaveram,
1081 1591 1216 1652 quod
1251 1590 1324 1637 M.
1360 1588 1604 1636 Aemilius
1637 1601 1764 1631 unus

279 1666 358 1705 est
405 1675 468 1705 ex
510 1663 634 1706 meis
682 1659 1075 1707 familiarissimis
1118 1668 1273 1722 atque
1314 1663 1503 1707 intimis
1544 1659 1764 1704 maxime

278 1733 587 1776 necessarius
607 1729 756 1777 homo
779 1738 831 1777 et
851 1734 1047 1793 magnis
1067 1734 1191 1777 meis
1211 1730 1467 1777 beneficiis
1487 1730 1765 1779 devinctus,

280 1807 334 1847 et
360 1817 518 1863 prope
547 1805 788 1857 omnium,
818 1805 902 1864 qui
931 1801 1052 1847 mihi
1082 1802 1270 1847 debere
1299 1800 1488 1863 aliquid
1515 1799 1766 1852 videntur,

278 1874 609 1934 gratissimus,
637 1878 747 1918 tum
774 1872 935 1918 multo
962 1873 1243 1926 iucundius,
1271 1878 1324 1918 te
1353 1888 1462 1917 esse
1490 1873 1540 1916 in
1567 1885 1649 1914 me
1678 1867 1767 1914 tali

281 1941 560 1996 voluntate,
607 1949 665 1988 ut
710 1942 820 2004 plus
866 1946 1022 2004 prosis
1070 1945 1238 1988 amicis
1284 1946 1426 1998 meis,
1473 1957 1624 2004 quam
1671 1956 1766 2002 ego

280 2027 518 2073 praesens
545 2011 759 2059 fortasse
787 2014 1096 2075 prodessem,
1124 2013 1291 2068 credo,
1321 2012 1455 2075 quod
1483 2014 1643 2074 magis
1672 2027 1767 2073 ego

282 2083 586 2136 dubitarem,
630 2083 750 2144 quid
791 2084 983 2130 illorum
1028 2100 1178 2129 causa
1219 2082 1457 2137 facerem,
1499 2098 1650 2144 quam
1692 2087 1767 2131 tu,

234 2163 259 2202 3
281 2153 399 2215 quid
427 2169 555 2199 mea.
618 2153 718 2200 Sed
745 2153 837 2200 hoc
865 2171 963 2200 non
992 2155 1187 2209 dubito,
1215 2158 1335 2217 quin
1364 2157 1621 2200 existimes
1648 2151 1766 2198 mihi

351 2291 369 2310 ⁴¹
398 2286 437 2326 A
466 2285 656 2325 formula
685 2285 790 2326 used
818 2286 879 2338 by
899 2285 1095 2338 lawyers,
1119 2291 1259 2326 “cum
1281 2285 1556 2326 ostenderent
1576 2284 1768 2325 eiusdem

293 2340 353 2379 rei
369 2339 701 2390 consequendae
722 2342 812 2379 vias
828 2340 1073 2391 complures
1089 2341 1224 2386 esse‚’'
1245 2344 1271 2360 ‘⁶
1285 2340 1408 2380 when
1429 2340 1533 2390 they
1550 2338 1767 2379 indicated

293 2392 389 2433 that
417 2393 538 2433 there
558 2407 669 2432 were
694 2393 856 2433 several
881 2407 998 2444 ways
1019 2395 1069 2433 of
1093 2394 1324 2445 obtaining
1349 2393 1422 2433 the
1444 2406 1565 2433 same
1590 2391 1767 2433 result.”

295 2446 555 2493 Brissonius,
578 2446 739 2497 quoted
762 2447 822 2498 by
842 2447 1022 2498 Tyrrell.

349 2500 365 2523 ⁶
395 2499 501 2540 This
534 2514 780 2551 cognomen
818 2502 851 2539 is
880 2500 1024 2540 added
1056 2505 1100 2540 to
1134 2499 1399 2552 distinguish
1430 2499 1521 2540 him
1553 2500 1668 2540 from
1695 2499 1770 2539 the

294 2567 414 2594 more
435 2553 681 2595 celebrated
707 2554 754 2594 C.
780 2555 994 2595 Avianius
1018 2554 1237 2595 Evander.
1290 2554 1372 2596 See
1393 2555 1482 2595 xiii.
1504 2556 1575 2595 21.
1596 2556 1638 2594 2.

296 2622 356 2666 82
