1868 3040
917 171 1169 219 CICERO

299 307 487 366 scripsi,
513 309 570 349 ut
595 318 748 365 quam
772 300 1273 348 honorificentissime
1298 317 1389 363 pro
1413 307 1504 348 tua
1528 308 1710 349 natura
1734 310 1788 351 et

249 387 451 442 3quam
495 377 838 423 liberalissime
883 383 1086 422 tractes.
1156 374 1320 421 Bonos
1364 379 1492 422 viros
1537 377 1602 423 ad
1644 384 1787 424 tuam

298 452 721 500 necessitudinem
770 449 1056 496 adiunxeris
1103 453 1533 514 municipiumque
1567 456 1789 514 gratissi-

298 543 435 573 mum
483 526 729 573 beneficio
776 532 866 571 tuo
914 525 1232 579 devinxeris;
1298 523 1419 570 mihi
1467 541 1585 572 vero
1632 530 1786 573 etiam

296 605 488 665 gratius
528 599 725 654 feceris,
767 598 902 661 quod
943 614 1056 644 cum
1098 614 1299 660 semper
1338 601 1471 645 tueri
1511 603 1788 663 municipes

296 692 434 721 meos
470 676 723 729 consuevi,
758 680 868 719 tum
905 671 983 719 hic
1020 689 1179 718 annus
1215 676 1485 736 praecipue
1522 674 1586 720 ad
1621 691 1787 722 meam

296 765 465 796 curam
482 748 799 809 officiumque
815 751 1055 809 pertinet.
1126 746 1255 792 Nam
1271 749 1612 794 constituendi
1628 754 1788 796 muni-

295 828 391 886 cipi
419 840 570 869 causa
597 822 690 868 hoc
718 839 849 868 anno
878 821 1094 868 aedilem
1123 821 1278 867 filium
1306 838 1477 868 meum
1506 822 1612 869 fieri
1640 824 1788 880 volui,

297 906 350 944 et
400 897 567 943 fratris
619 896 775 942 filium
827 902 880 942 et
933 896 1006 942 M.
1060 895 1312 951 Caesium,
1362 895 1618 942 hominem
1667 898 1787 944 mihi

296 976 516 1018 maxime
543 974 880 1017 necessarium
905 985 916 1025 ;
960 973 999 1015 is
1028 973 1161 1015 enim
1189 974 1515 1033 magistratus
1541 975 1592 1017 in
1618 980 1789 1019 nostro

296 1050 584 1108 municipio,
630 1062 722 1092 nec
769 1045 892 1091 alius
940 1044 1066 1090 ullus
1112 1049 1268 1090 creari
1314 1045 1477 1100 solet3
1541 1062 1664 1108 quos
1709 1064 1789 1094 co-

296 1121 594 1174 honestaris,
624 1123 674 1165 in
706 1123 979 1181 primisque
1010 1135 1110 1171 me,
1141 1121 1179 1164 s'i
1212 1135 1289 1164 res
1321 1119 1522 1181 publica
1550 1125 1790 1184 municipi

295 1203 384 1241 tuo
410 1195 594 1248 studio,
615 1193 896 1256 diligentia,
917 1194 1048 1239 bene
1079 1193 1430 1239 administrata
1459 1197 1569 1240 erit.
1640 1194 1788 1253 Quod

296 1277 353 1317 ut
377 1268 548 1325 facias,
571 1275 624 1315 te
651 1268 981 1314 vehementer
1004 1271 1159 1313 etiam
1184 1275 1340 1330 atque
1365 1265 1521 1314 etiam
1544 1285 1682 1332 rogo.

990 1518 1094 1565 XII

715 1662 771 1695 M.
807 1663 853 1694 Τ.
889 1663 930 1694 C.
967 1662 1004 1693 S.
1042 1661 1085 1694 P.
1124 1662 1170 1693 D.
1209 1661 1373 1693 BRUTO

819 1775 1002 1821 Romae,
1025 1788 1156 1815 A.U.C.
1178 1777 1276 1815 708.

251 1902 271 1942 l
361 1894 477 1940 Alia
502 1892 719 1955 epistula
743 1895 1078 1938 communiter
1102 1891 1450 1937 commendavi
1479 1891 1569 1938 tibi
1593 1891 1790 1956 legatos

296 1970 637 2030 Arpinatium,
669 1974 725 2013 ut
754 1970 896 2028 potui
927 1966 1309 2027 diligentissime
1334 1980 1345 2019 3
1393 1964 1486 2011 hae
1514 1972 1788 2028 separatim

297 2044 358 2102 Q.
414 2043 680 2096 Fufidium,
730 2057 946 2103 quocum
996 2040 1116 2085 mihi
1167 2055 1341 2085 omnes
1392 2042 1789 2089 necessitudines

296 2125 433 2173 sunt,
468 2117 760 2179 diligentius
796 2115 1113 2169 commendo,
1151 2130 1250 2160 non
1287 2121 1345 2160 ut
1381 2114 1570 2177 aliquid
1606 2116 1670 2162 de
1704 2117 1790 2165 illa

361 2303 379 2322 ⁰
414 2296 484 2348 Cf.
507 2300 526 2343 ἓ
551 2300 566 2336 1
594 2297 638 2335 in
660 2295 733 2336 the
757 2300 857 2335 next
878 2295 1014 2335 letter.

361 2350 377 2374 ⁶
406 2350 546 2390 Three
566 2349 742 2393 aediles,
763 2363 845 2388 one
865 2351 915 2387 of
932 2349 1074 2387 whom
1097 2346 1360 2399 apparently
1380 2346 1693 2387 administered
1715 2349 1788 2389 the

303 2404 495 2443 {mances
512 2405 584 2454 (ef.
605 2406 697 2443 Aet.
721 2419 784 2441 xv.
816 2407 873 2442 15.
903 2408 953 2451 Ι),
977 2418 1084 2442 were
1105 2403 1175 2441 llic
1194 2401 1296 2452 only
1319 2400 1490 2453 regular
1511 2404 1788 2451 magistrates

301 2464 345 2497 at
365 2459 598 2509 Arpinum.
644 2458 837 2508 (corpas
859 2457 1197 2508 Inscriptionum
1217 2455 1493 2500 Latinarum.
1512 2468 1550 2494 x.
1570 2458 1679 2496 5679
1698 2456 1785 2498 and

302 2515 428 2560 5682,
449 2510 614 2564 quoted
636 2511 696 2563 by
719 2512 870 2563 How.)

310 2577 372 2622 46
