1837 3029
158 578 203 615 41

855 178 1104 226 CICERO

235 324 381 354 meae
418 324 620 371 quoque
657 308 859 354 litterae
897 316 949 355 te
985 310 1345 370 patientiorem
1380 306 1723 369 lenioremque

237 394 485 451 fecerunt,
524 400 706 442 tertius
748 412 907 441 annus
947 399 1019 442 ita
1061 412 1170 441 esse
1210 395 1368 441 debet
1407 394 1724 448 emendatus,

238 490 293 529 ut
324 499 388 530 ne
419 486 678 529 minimam
711 483 916 546 quidem
949 500 1055 529 rcm
1087 486 1353 546 quisquam
1385 484 1543 545 possit
1573 479 1724 527 ullam

238 570 623 632 reprehendere.
691 571 766 617 Ac
821 574 919 616 iam
975 570 1068 617 hoc
1123 570 1230 616 loco
1285 587 1385 616 non
1437 569 1725 616 hortatione

238 675 402 720 neque
432 661 734 720 praeceptiS,
765 659 854 704 sed
884 659 1116 720 precibus
1147 665 1317 704 tecum
1347 656 1583 704 fraternis
1612 672 1726 720 ago,

238 753 401 792 totum
451 752 509 793 ut
558 749 800 801 animum,
846 762 1035 801 curam,
1070 749 1535 809 cogitationemque
1583 751 1724 790 tuam

238 850 391 895 ponas
413 837 464 879 in
487 837 709 880 omnium
734 833 882 879 laude
907 834 1129 896 undique
1151 833 1449 896 colligenda.
1516 831 1665 890 Quod
1685 831 1725 877 si

236 925 285 967 in
314 921 553 967 mediocri
581 928 721 967 statu
750 925 992 967 sermonis
1023 937 1079 967 ac
1107 922 1495 983 praedicationis
1524 927 1725 966 nostrae

236 1026 312 1054 res
335 1016 523 1064 essent,
544 1008 665 1054 nihil
687 1010 775 1055 abs
797 1017 849 1055 te
873 1012 1132 1064 eximium,
1153 1007 1274 1054 nihil
1295 1015 1499 1071 praeter
1518 1007 1725 1053 aliorum

234 1097 653 1144 consuetudinem
707 1096 1065 1159 postularetur.
1134 1096 1279 1143 Nunc
1334 1112 1468 1150 vero,
1520 1102 1727 1158 propter

236 1201 408 1231 earum
443 1201 629 1240 rerum,
663 1188 714 1230 in
750 1186 931 1247 quibus
967 1187 1151 1230 versati
1186 1201 1375 1239 sumus,
1407 1183 1725 1246 splendorem

236 1280 290 1319 et
339 1273 763 1336 magnitudinem,
816 1275 907 1318 nisi
961 1289 1208 1318 summam
1261 1271 1463 1318 laudem
1516 1287 1580 1317 ex
1629 1274 1726 1317 ista

236 1363 489 1423 provincia
535 1363 865 1422 assequimur,
902 1363 982 1405 vix
1032 1360 1259 1406 videmur
1305 1375 1553 1406 summam
1599 1362 1727 1404 vitu-

235 1451 550 1510 perationem
596 1464 742 1510 posse
790 1451 964 1495 vitare.
1034 1448 1109 1494 Ea
1155 1455 1327 1493 nostra
1366 1451 1494 1493 ratio
1542 1454 1637 1502 est,
1669 1452 1726 1492 ut

235 1551 409 1582 omnes
436 1536 555 1581 boni
583 1552 696 1581 cum
724 1534 949 1590 faveant,
977 1542 1087 1581 tum
1116 1539 1270 1581 etiam
1301 1552 1328 1581 a
1356 1535 1498 1581 nobis
1525 1549 1726 1580 omnem

235 1623 550 1687 diligentiam
582 1626 926 1685 virtutemque
957 1629 1010 1668 et
1038 1622 1298 1685 postulent
1329 1629 1380 1668 et
1410 1627 1728 1684 exspectent,

235 1727 409 1758 omnes
435 1718 606 1757 autem
634 1712 848 1772 improbi
875 1711 1031 1773 (quod
1058 1727 1170 1756 cum
1197 1709 1272 1756 his
1298 1709 1486 1756 bellum
1511 1711 1727 1771 suscepi-

235 1816 345 1845 mus
364 1798 751 1860 sempiternum)
774 1798 850 1843 vel
870 1801 1077 1844 minima
1096 1814 1149 1843 re
1171 1798 1234 1844 ad
1253 1797 1727 1860 reprehendendum

233 1890 459 1933 contenti
500 1902 608 1931 esse
648 1886 929 1932 videantur.
1000 1886 1169 1944 Quare
1209 1888 1446 1948 quoniam
1485 1883 1725 1932 eiusmodi

235 1974 492 2021 theatrum
518 1977 617 2020 tuis
641 1975 912 2020 virtutibus
937 1980 1015 2020 est
1038 1974 1233 2029 datum,
1255 1973 1553 2019 celebritate
1574 1971 1727 2019 refer-

234 2066 501 2116 tissimum,
539 2062 891 2124 magnitudine
930 2061 1310 2123 amplissimum,
1346 2061 1529 2108 iudicio
1565 2060 1727 2107 erudi-

235 2153 502 2205 tissimum,
557 2156 738 2195 natura
793 2156 964 2195 autem
1021 2152 1094 2195 ita
1147 2165 1403 2205 resonans,
1457 2155 1515 2196 ut
1567 2163 1726 2212 usque

260 2239 446 2283 tomam
465 2237 856 2299 significationes
875 2253 1122 2299 vocesque
1139 2235 1442 2292 referantur,
1457 2236 1726 2292 contende,

235 2341 441 2388 quaeso,
466 2332 621 2386 atque
648 2324 867 2379 elabora,
893 2341 991 2369 non
1016 2323 1166 2369 modo
1192 2331 1250 2369 ut
1273 2323 1348 2369 his
1372 2325 1522 2370 rebus
1545 2324 1726 2386 dignus

235 2412 405 2467 fuisse,
433 2412 521 2458 sed
550 2415 703 2457 etiam
734 2418 790 2457 ut
818 2411 900 2456 illa
927 2414 1095 2457 omnia
1120 2415 1220 2457 tuis
1248 2412 1439 2458 artibus
1464 2426 1725 2473 superasse

157 2509 210 2546 43
236 2501 452 2547 videare.
521 2498 629 2545 XV.
671 2499 738 2544 Et
777 2502 1013 2561 quoniam
1054 2498 1174 2544 mihi
1213 2515 1355 2546 casus
1395 2499 1636 2545 urbanam
1674 2501 1724 2545 in

243 2584 338 2624 432
