1868 3040
909 198 1161 246 CICERO

286 329 557 374 societates
577 327 974 389 publicanorum,
996 328 1131 390 quod
1152 327 1358 390 quidem
1379 326 1563 374 nollem
1586 342 1598 383 ;
1617 330 1767 374 maxi-

288 407 381 450 mis
427 407 561 450 enim
605 403 800 450 damnis
846 402 1054 450 affectus
1101 411 1193 450 est.
1262 402 1363 450 Sed
1407 411 1581 450 tamen
1625 420 1774 450 causa

287 484 564 527 communis
592 481 777 527 ordinis
803 479 925 526 mihi
953 481 1432 528 commendatissimi
1459 480 1581 527 fecit
1609 484 1774 527 amici-

288 561 411 604 tiam
428 564 651 604 nostram
668 557 951 604 firmiorem.
1022 557 1222 605 Deinde
1239 565 1465 604 versatus
1480 561 1532 604 in
1548 561 1773 621 utrisque

287 635 531 681 subselliis
557 639 749 697 optima
775 643 829 681 et
854 635 952 682 fide
980 643 1033 682 et
1057 635 1193 681 fama
1217 639 1317 681 iam
1345 643 1463 682 ante
1489 634 1618 682 hanc
1642 651 1774 681 com-

287 715 623 758 mutationem
642 711 947 774 reipublicae
967 716 1201 773 petitioni
1220 728 1330 758 sese
1351 712 1493 758 dedit
1512 711 1774 758 honorem-

287 804 386 850 que
423 788 829 834 honestissimum
867 792 1174 835 existimavit
1208 788 1428 834 fructum
1464 788 1645 834 laboris
1681 791 1771 834 sui.

236 871 261 910 3
288 864 378 910 His
414 871 587 911 autem
620 865 933 927 temporibus
969 882 998 911 a
1032 881 1113 911 me
1149 864 1411 912 Brundisio
1445 881 1559 911 cum
1592 864 1773 911 litteris

287 948 340 988 et
362 941 614 989 mandatis
635 940 892 1004 profectus
916 942 980 988 ad
1004 941 1272 988 Caesarem
1296 948 1374 988 est
1397 956 1408 997 ;
1449 957 1550 1004 qua
1570 944 1622 987 in
1643 957 1698 988 re
1721 947 1774 988 et

286 1034 509 1064 amorem
543 1022 648 1064 eius
681 1022 732 1064 in
763 1018 1080 1080 suscipiendo
1113 1021 1320 1081 negotio
1352 1020 1605 1080 perspexi,
1639 1024 1692 1064 et
1722 1020 1774 1063 in

284 1095 594 1142 conficiendo
619 1112 676 1141 ac
700 1095 1036 1141 renuntiando
1062 1095 1230 1141 fidem.
1289 1094 1474 1141 Videor
1498 1093 1636 1150 mihi,
1660 1110 1773 1140 cum

285 1175 559 1233 separatim
607 1171 671 1217 de
720 1172 976 1233 probitate
1026 1175 1132 1217 eius
1182 1178 1235 1217 et
1283 1171 1503 1217 moribus
1552 1171 1774 1217 dicturus

286 1249 509 1304 fuissem,
533 1252 571 1294 si
597 1252 731 1310 prius
756 1265 976 1303 causam,
1000 1265 1087 1294 cur
1113 1265 1228 1294 eum
1254 1254 1399 1294 tanto
1423 1264 1575 1309 opere
1601 1248 1774 1309 dilige-

286 1342 411 1381 rem,
436 1327 528 1372 tibi
556 1329 916 1388 exposuissem,
942 1329 992 1370 in
1017 1329 1125 1387 ipsa
1151 1341 1301 1370 causa
1328 1325 1628 1386 exponenda
1654 1327 1774 1370 satis

288 1407 442 1449 etiam
483 1404 546 1449 de
586 1404 841 1465 probitate
881 1403 1081 1449 dixisse.
1150 1402 1250 1448 Sed
1289 1409 1463 1448 tamen
1503 1405 1775 1463 separatim

288 1484 528 1543 promitto
553 1483 602 1525 in
627 1496 811 1543 meque
834 1483 1037 1541 recipio,
1062 1478 1168 1525 fore
1194 1495 1310 1525 eum
1333 1479 1425 1525 tibi
1452 1486 1505 1525 et
1529 1479 1775 1540 voluptati

289 1565 342 1604 et
375 1555 498 1603 usui.
569 1557 699 1603 Nam
729 1564 783 1604 et
812 1556 1100 1604 modestum
1131 1555 1388 1603 hominem
1412 1572 1698 1619 cognosces,
1723 1562 1776 1602 et

289 1636 587 1697 pudentem,
644 1641 698 1681 et
754 1651 785 1681 a
840 1634 1121 1696 cupiditate
1178 1637 1313 1680 omni
1370 1636 1776 1687 remotissimum,

289 1720 556 1774 praeterea
616 1715 787 1775 magni
847 1711 1029 1758 laboris
1090 1726 1421 1773 summaeque
1481 1710 1774 1756 industriae.

240 1801 265 1837 4
294 1789 471 1852 Neque
503 1805 598 1852 ego
628 1788 753 1835 haec
783 1788 1003 1850 polliceri
1032 1788 1213 1843 debeo,
1243 1804 1374 1850 quae
1403 1787 1497 1834 tibi
1525 1791 1636 1850 ipsi,
1662 1803 1778 1833 cum

292 1867 423 1912 bene
443 1869 688 1929 cognoris,
706 1866 974 1912 iudicanda
992 1872 1110 1912 sunt
1132 1881 1144 1921 ;
1180 1865 1270 1911 sed
1288 1872 1463 1911 tamen
1478 1867 1530 1910 in
1548 1864 1778 1910 omnibus

293 1946 430 1989 novis
464 1943 898 1990 coniunctionibus
931 1945 1163 1998 interest,
1197 1941 1357 2004 qualis
1390 1944 1578 2004 primus
1613 1941 1778 1987 aditus

291 2024 374 2076 sit,
423 2026 477 2066 et
524 2036 625 2082 qua
671 2018 1111 2065 commendatione
1160 2021 1301 2081 quasi
1350 2019 1599 2064 amicitiae
1646 2016 1778 2064 fores

293 2099 599 2158 aperiantur.
668 2095 818 2154 Quod
848 2112 943 2159 ego
970 2094 1046 2141 his
1074 2095 1255 2141 litteris
1283 2093 1478 2141 efficere
1507 2094 1656 2150 volui,
1683 2096 1778 2140 etsi

293 2174 344 2220 id
367 2177 475 2236 ipsa
498 2189 589 2236 per
611 2189 665 2220 se
689 2173 1008 2220 necessitudo
1032 2179 1336 2236 quaesturae
1361 2170 1582 2218 effecisse
1605 2171 1777 2219 debet.

355 2380 373 2399 ⁰
404 2374 556 2415 Either
582 2387 630 2414 as
657 2374 865 2414 barristcr
891 2374 979 2413 and
1001 2374 1229 2426 juryman,
1256 2387 1306 2414 or
1331 2385 1380 2414 as
1406 2372 1585 2413 counsel
1611 2373 1680 2412 for
1703 2371 1779 2412 the

295 2429 477 2469 defence
498 2427 585 2468 and
608 2430 675 2467 for
696 2429 769 2468 the
791 2430 1083 2479 prosecution.

358 2483 373 2506 ὸ
406 2482 605 2533 Brought
632 2482 769 2522 about
798 2482 855 2533 by
885 2482 1084 2521 Caesar's
1110 2483 1279 2532 victory
1305 2494 1408 2520 over
1434 2481 1507 2520 the
1538 2481 1778 2531 Pompeian

296 2550 424 2588 army
446 2541 489 2576 at
509 2537 727 2587 Thapsus.
777 2536 879 2585 (See
901 2536 1061 2576 Cliron.
1085 2536 1255 2575 Summ.
1278 2536 1345 2574 for
1365 2538 1418 2574 46
1443 2535 1542 2585 ac.)

304 2608 363 2648 42
