1837 3029
869 155 1120 202 CICERO

251 291 382 335 tueri
399 287 569 333 debes.
615 285 892 332 Prudentia
909 301 1071 347 porro,
1090 300 1220 347 quae
1238 284 1329 330 tibi
1347 284 1743 346 superest,nulla

252 389 340 435 abs
366 394 417 434 te
439 386 755 433 desideratur
776 388 867 431 nisi
888 383 1064 431 modus
1087 387 1137 430 in
1157 384 1436 430 tribuendis
1457 383 1740 431 honoribus.

253 488 366 535 Alia
399 490 568 534 omnia
598 489 668 533 sic
697 485 899 540 adsunt,
931 492 987 531 ut,
1019 501 1134 531 cum
1167 484 1394 547 quolibet
1424 487 1744 547 antiquorum

252 590 528 650 comparari
560 588 751 649 possint
785 592 904 631 tuae
938 588 1179 631 virtutes:
1229 601 1384 630 unum
1418 583 1510 631 hoc
1540 601 1569 630 a
1600 590 1745 647 grato

256 691 423 735 animo
457 687 750 748 liberalique
786 685 1087 748 profectum,
1121 688 1397 732 cautiorem
1431 702 1488 731 ac
1521 685 1747 731 modera-

255 792 435 836 tiorem
464 787 838 841 liberalitatem,
865 786 1186 841 desiderant3
1235 785 1353 831 nihil
1385 788 1517 832 enim
1543 792 1746 832 senatus

259 892 494 952 cuiquam
526 888 645 934 darc
681 887 854 942 debet,
881 886 1016 949 quod
1050 886 1180 932 male
1215 887 1554 949 cogitantibus
1580 903 1747 933 exem-

258 990 394 1053 plum
422 995 511 1035 aut
545 987 792 1051 praesidio
826 990 905 1033 sit.
977 987 1158 1049 Itaque
1185 989 1341 1033 timeo
1375 985 1438 1033 de
1471 985 1750 1043 consulatu,

258 1107 321 1137 ne
343 1089 527 1137 Caesar
546 1095 663 1135 tuus
685 1088 832 1134 altius
853 1104 906 1134 se
927 1087 1209 1134 ascendisse
1231 1094 1380 1149 putet
1399 1086 1614 1134 decretis
1634 1089 1751 1143 tuis,

207 1199 235 1238 5
260 1208 411 1254 quam
429 1189 563 1245 inde,
580 1192 620 1236 si
640 1188 810 1235 consul
831 1187 993 1234 faetus
1011 1191 1092 1242 sit,
1110 1191 1174 1234 sit
1191 1187 1563 1234 descensurum.
1604 1187 1751 1246 Quod

260 1294 299 1338 si
347 1291 598 1337 Antonius
646 1289 710 1336 ab
758 1288 854 1335 alio
902 1288 1132 1334 relictum
1173 1291 1314 1350 regni
1358 1291 1751 1335 instrumentum

261 1394 572 1438 occasionem
599 1389 843 1453 regnandi
871 1388 1065 1443 habuit,
1094 1406 1311 1451 quonam
1340 1391 1505 1435 animo
1532 1387 1637 1435 fore
1664 1406 1753 1452 pu-

263 1500 359 1547 tas,
389 1494 428 1539 si
460 1494 568 1554 quis
600 1497 804 1537 auctore
837 1506 935 1535 non
966 1497 1182 1552 tyranno
1213 1488 1499 1545 interfecto,
1528 1489 1618 1536 sed
1647 1492 1753 1552 ipso

262 1600 444 1642 senatu
507 1600 656 1655 putet
703 1609 756 1638 se
819 1595 1029 1654 imperia
1087 1591 1345 1654 quaelibet
1405 1594 1753 1654 concupiscere

264 1711 407 1758 posse
428 1694 445 1740 ?
478 1710 633 1757 quare
653 1700 763 1739 turn
791 1699 843 1739 et
869 1692 1166 1738 facilitatem
1189 1700 1241 1738 et
1260 1692 1627 1754 providentiam
1653 1693 1754 1739 lau-

264 1796 394 1842 dabo
429 1802 588 1849 tuam‚
614 1811 728 1840 cum
761 1793 1080 1855 exploratum
1114 1792 1301 1839 habere
1331 1809 1544 1856 coepero
1577 1792 1755 1840 Caesa-

264 1911 370 1941 rem
409 1892 695 1947 honoribus,
733 1908 856 1954 quos
895 1894 1165 1953 acceperit,
1203 1892 1608 1938 extraordinariis
1651 1890 1757 1939 fore

262 2000 575 2041 contentum.
646 1991 906 2039 “Alienae
936 1990 1141 2055 igitur,”
1173 1994 1386 2055 inquies,
1418 1990 1446 2007 “
1466 1991 1644 2055 culpae
1675 2008 1757 2039 me

265 2111 407 2142 reum
429 2095 658 2140 subiicies
674 2093 692 2139 ?
709 2091 735 2107 ”
794 2092 996 2139 Prorsus
1018 2092 1290 2148 alienae,si
1308 2091 1555 2154 provideri
1573 2095 1757 2155 potuit,

268 2209 330 2239 ne
350 2196 619 2238 exsisteret
639 2209 649 2237 ε
677 2191 811 2254 quod
833 2194 1026 2237 utinam
1045 2194 1327 2253 inspectare
1349 2193 1504 2253 possis
1525 2194 1758 2238 timorem

266 2290 330 2338 de
357 2290 437 2336 illo
465 2307 632 2336 meum
659 2290 667 2335 l

216 2395 244 2435 6
332 2388 422 2434 His
447 2387 626 2433 litteris
651 2390 845 2450 scriptis
871 2387 1125 2433 consulem
1150 2394 1202 2434 te
1227 2386 1419 2433 factum
1443 2387 1722 2435 audivimus
1747 2402 1759 2436 2

270 2503 385 2533 vero
419 2488 651 2548 incipiam
686 2502 963 2548 proponere
998 2484 1117 2531 mihi
1153 2503 1256 2532 rem
1292 2485 1543 2548 publicam
1574 2488 1760 2534 iustam
