1837 3029
845 199 1095 246 CICERO

225 327 263 371 si
293 326 496 373 valebis.
560 328 819 375 Festinare
849 336 901 375 te
931 328 1062 383 nolo,
1090 345 1154 375 ne
1183 345 1402 375 nauseae
1429 328 1710 375 molestiam

176 417 201 456 2
226 417 463 476 suscipias
487 431 656 478 aeger,
680 423 731 461 et
754 415 1030 477 periculose
1053 415 1219 462 hieme
1243 418 1463 479 naviges.
1519 415 1629 479 Ego
1651 415 1711 461 ad

229 499 419 547 Urbem
443 505 626 549 accessi
646 504 806 565 pridie
830 503 997 549 Nonas
1020 503 1218 550 Ianuar.
1272 503 1487 550 Obviam
1507 502 1627 549 mihi
1646 505 1714 548 sic

227 595 305 634 est
341 590 615 650 proditum,
652 598 710 636 ut
746 590 867 636 nihil
903 594 1128 653 potuerit
1164 591 1270 637 fieri
1305 594 1545 637 ornatius.
1615 589 1712 636 Sed

225 677 374 723 incidi
403 680 453 723 in
482 681 641 740 ipsam
671 677 926 724 flammam
955 679 1108 725 civilis
1137 679 1413 726 discordiae
1443 678 1520 725 vel
1548 681 1714 740 potius

225 763 342 810 belli
367 779 378 819 3
444 768 521 812 cui
571 783 684 812 eum
733 783 970 830 cuperem
1020 767 1212 813 mederi
1261 773 1331 822 et,
1378 773 1436 813 ut
1485 767 1715 822 arbitror,

226 868 442 913 possem,
462 855 768 916 cupiditates
788 862 1040 902 certorum
1060 854 1319 901 hominum
1339 854 1475 917 (nam
1499 871 1561 901 ex
1583 861 1715 900 utra-

227 956 325 1002 que
358 948 503 1003 parte
535 949 671 997 sunt,
703 945 787 1005 qui
825 959 1051 1006 pugnare
1089 943 1315 1005 cupiant)
1350 943 1716 1005 impedimento

226 1027 347 1073 mihi
369 1027 591 1076 fuerunt.
649 1030 868 1077 Omnino
892 1038 944 1077 et
966 1034 1071 1093 ipse
1095 1030 1297 1087 Caesar,
1320 1033 1507 1077 amicus
1529 1036 1716 1083 noster,

226 1119 446 1163 minaces
464 1118 527 1163 ad
543 1125 777 1164 senatum
796 1125 848 1165 et
865 1119 1070 1165 acerbas
1085 1118 1282 1165 litteras
1299 1121 1522 1172 miserat,
1538 1125 1590 1164 et
1608 1124 1717 1163 erat

224 1202 387 1250 adhue
416 1205 700 1267 impudens,
726 1209 809 1268 qui
842 1209 1119 1252 exercitum
1151 1213 1204 1252 et
1232 1209 1536 1268 provinciam
1561 1208 1717 1251 invito

227 1299 407 1337 senatu
439 1299 659 1349 teneret,
690 1300 743 1340 et
774 1294 921 1339 Curio
951 1311 1093 1340 meus
1123 1293 1261 1340 illum
1291 1294 1551 1339 incitabat.
1615 1293 1718 1338 An-

228 1382 395 1425 tonius
423 1381 628 1442 quidem
657 1388 828 1427 noster
856 1388 908 1427 et
936 1381 997 1439 Q.
1028 1381 1243 1436 Cassius,
1270 1380 1406 1427 nulla
1433 1383 1478 1426 vi
1507 1378 1718 1442 expulsi,

228 1467 292 1512 ad
310 1466 577 1513 Caesarem
598 1485 711 1514 eum
730 1468 944 1515 Curione
962 1467 1174 1531 profecti
1192 1475 1354 1523 erant,
1369 1474 1547 1530 postea
1567 1485 1717 1530 quam

228 1561 434 1601 senatus
479 1555 782 1611 consulibuS,
826 1557 1160 1618 praetoribus,
1204 1557 1417 1602 tribunis
1461 1555 1621 1618 plebis
1665 1562 1718 1601 et

228 1643 387 1697 nobis,
420 1646 504 1705 qui
536 1643 856 1705 proconsules
887 1661 1076 1700 sumus,
1107 1647 1369 1707 negotium
1400 1643 1631 1698 dederat,
1661 1649 1718 1689 ut

227 1745 534 1786 curaremus,
575 1748 637 1777 ne
680 1732 801 1793 quid
839 1731 1123 1794 respublica
1161 1731 1454 1778 detrimenti
1495 1737 1715 1792 caperet.

178 1823 203 1862 3
231 1816 519 1879 Numquam
545 1822 732 1864 maiore
764 1822 812 1864 in
843 1819 1063 1881 periculo
1092 1822 1266 1865 civitas
1298 1816 1413 1874 fuit,
1441 1834 1717 1881 numquam

229 1906 439 1966 improbi
464 1908 596 1951 cives
620 1905 906 1953 habuerunt
930 1910 1234 1968 paratiorem
1257 1906 1453 1953 ducem.
1499 1905 1717 1952 Omnino

229 2008 290 2037 ex
322 1991 414 2038 hae
443 2010 644 2055 quoque
674 2001 818 2055 parte
848 1993 1231 2055 diligentissime
1260 2000 1594 2055 comparatur.
1657 1991 1716 2040 Id

230 2079 285 2125 fit
311 2084 614 2127 auctoritate
641 2088 693 2127 et
717 2082 884 2128 studio
910 2081 1116 2144 Pompei
1141 2084 1315 2136 nostri,
1339 2083 1423 2143 qui
1449 2080 1715 2126 Caesarem

229 2184 340 2213 sero
372 2171 539 2230 coepit
572 2171 767 2215 timere.
835 2169 990 2214 Nobis
1022 2172 1154 2215 inter
1185 2168 1274 2214 has
1306 2169 1479 2214 turbas
1511 2174 1716 2214 senatus

229 2261 403 2301 tamen
429 2254 666 2318 frequens
692 2256 940 2320 flagitavit
965 2255 1275 2318 triumphum
1301 2271 1312 2311 ;
1354 2256 1444 2302 sed
1470 2254 1715 2302 Lentulus

229 2342 417 2397 consul,
457 2359 556 2405 quo
596 2347 755 2389 maius
796 2361 940 2389 suum
980 2344 1282 2389 beneficium
1321 2341 1531 2398 faceret,
1570 2341 1716 2388 simul

230 2437 385 2492 atque
405 2431 712 2492 expedisset,
729 2448 859 2494 quae
879 2439 1048 2477 essent
1065 2434 1345 2477 necessaria
1362 2431 1425 2478 de
1443 2429 1716 2493 republica,

560 2570 577 2589 ⁰
609 2566 690 2605 See
713 2566 875 2605 Cbron.
899 2566 1069 2604 Surum.
1093 2567 1159 2605 for
1179 2568 1232 2605 49
1256 2578 1336 2606 13.c.

239 2623 331 2665 340
