1837 3029
866 151 1116 198 CICERO

930 279 1049 326 XVI

626 403 680 434 M.
718 404 762 434 T.
799 405 839 434 c.
877 403 914 434 s.
952 403 996 434 P.
1034 404 1080 434 ι).
1116 404 1157 434 c.
1193 403 1354 434 CASSIO

765 496 947 544 Romae,
969 510 1101 537 A.u.c.
1124 499 1220 538 709.

194 597 211 636 1
308 590 438 636 Puto
492 597 544 637 te
596 593 695 636 iam
742 591 1048 653 suppuderc,
1095 609 1208 637 cum
1257 590 1381 638 haec
1432 594 1586 637 tertia
1630 593 1728 636 iam

246 657 464 719 epistula
501 664 620 703 aute
658 664 712 704 te
754 662 1079 720 oppresserit,
1121 675 1272 720 quam
1315 665 1371 704 tu
1413 658 1599 704 scidam
1643 664 1731 704 aut

244 723 483 770 litteram.
520 724 620 771 Sed
637 742 736 770 non
754 741 924 788 urgeo.
964 725 1238 788 Longiores
1255 728 1388 771 enim
1406 725 1730 787 exspectabo,

245 791 322 836 vel
363 794 531 852 potius
573 794 790 854 exigam.
866 792 994 855 Ego,
1035 795 1074 837 si
1115 808 1316 855 semper
1354 791 1614 845 haberem,
1651 793 1730 838 cui

243 858 436 913 darem,
470 857 548 904 vel
580 865 752 905 ternas
786 861 836 904 in
870 858 991 905 hora
1024 859 1214 906 darem.
1283 859 1365 906 Fit
1398 861 1531 905 enim
1564 861 1731 905 nescio

243 928 347 987 qui,
375 932 432 971 ut
459 928 601 988 quasi
636 942 804 972 coram
841 926 1019 972 adesse
1056 926 1275 981 videare,
1301 943 1414 972 cum
1451 926 1611 972 scribo
1645 923 1731 971 ali-

244 992 365 1054 quid
386 992 449 1038 ad
466 999 518 1038 te
540 1009 550 1038 2
580 1009 745 1055 neque
767 993 817 1039 id
839 991 935 1038 κατ’
959 992 1161 1039 εἰδώλων
1181 992 1465 1052 φαντασίας,
1481 1000 1539 1039 ut
1557 993 1731 1039 dicunt

243 1062 317 1105 tui
339 1062 483 1105 amici
503 1063 635 1114 novi,
653 1063 737 1122 qui
762 1066 949 1121 putant
968 1063 1124 1106 etiam
1142 1060 1439 1121 διαιόητικὰς
1465 1058 1730 1118 φαντασίας

244 1129 455 1187 spectris
485 1126 709 1172 Catianis
743 1129 951 1173 excitari
989 1128 1145 1190 (nam,
1171 1143 1234 1173 ne
1263 1133 1316 1174 te
1347 1125 1529 1190 fugiat,
1557 1125 1730 1172 Catius

244 1192 475 1247 Insuber,
500 1193 795 1255 Epicureus,
821 1197 906 1256 qui
933 1211 1094 1256 nuper
1119 1201 1197 1240 est
1222 1201 1469 1250 mortuus,
1493 1210 1623 1257 quae
1647 1191 1730 1239 ille

243 1260 559 1322 Gargettius,
582 1264 736 1307 etiam
767 1268 888 1307 ante
912 1261 1251 1316 Democritus,
1274 1261 1461 1316 εἴδωλα,
1484 1259 1559 1307 his
1591 1276 1730 1322 spec-

194 1336 218 1374 2
244 1333 323 1372 tra
339 1328 602 1390 nominat).
657 1328 749 1374 His
766 1335 940 1374 autem
955 1331 1166 1390 spectris
1182 1330 1378 1375 etiamsi
1395 1327 1523 1374 oculi
1539 1330 1731 1390 possint

242 1392 396 1449 feriri,
432 1394 568 1456 quod
605 1393 683 1440 vel
718 1397 826 1456 ipsa
862 1395 1168 1450 occurrunt,1
1205 1398 1400 1441 animus
1436 1397 1521 1457 qui
1555 1397 1730 1456 possit,

242 1477 338 1523 ego
363 1478 462 1507 non
492 1461 652 1508 video.
707 1461 904 1508 Doceas
933 1469 990 1508 tu
1019 1479 1101 1508 me
1130 1462 1404 1524 oportebit,
1428 1479 1542 1508 cum
1566 1460 1729 1508 salvus

242 1531 455 1583 veneris,
487 1531 537 1574 in
570 1545 751 1575 meane
784 1536 1044 1590 potestate
1076 1533 1141 1576 sit
1173 1536 1428 1592 spectrum
1460 1535 1624 1583 tuum,
1654 1534 1728 1583 ut,

240 1594 386 1640 simul
430 1612 487 1641 ac
529 1594 651 1641 mihi
693 1595 971 1642 collibitum
1013 1599 1079 1642 sit
1121 1597 1184 1643 de
1228 1603 1282 1643 te
1324 1598 1567 1660 cogitare,
1607 1594 1728 1642 illud

240 1669 503 1716 occurrat3
560 1679 726 1725 neque
766 1663 927 1709 solum
965 1663 1029 1710 de
1069 1670 1140 1718 te,
1179 1667 1265 1726 qui
1302 1662 1425 1709 mihi
1463 1662 1640 1709 haeres
1677 1665 1727 1708 in

241 1728 489 1784 medulliS,
505 1730 612 1785 sed,
631 1733 669 1775 si
689 1730 902 1776 insulam
923 1730 1235 1776 Britanniam
1255 1747 1468 1793 coepero
1487 1732 1727 1792 cogitare,

189 1802 214 1841 3
240 1799 346 1842 eius
388 1796 583 1841 εἴδωλον
624 1795 745 1842 mihi
782 1797 1038 1844 advolabit
1079 1798 1143 1844 ad
1184 1798 1403 1860 pectus?
1463 1796 1563 1844 Sed
1603 1795 1727 1843 haec

303 1881 316 1905 ¹
348 1881 464 1933 quod
503 1895 618 1934 quae
656 1882 761 1923 velis
800 1885 895 1935 ipsa
934 1885 1161 1924 incurrunt
1203 1884 1398 1936 Tyrrell3
1465 1883 1576 1924 nolis
1622 1883 1726 1924 velis

243 1936 289 1985 (“
310 1937 492 1976 whether
523 1951 607 1988 you
640 1938 745 1977 wish
779 1938 813 1977 it
846 1951 896 1978 or
927 1942 1001 1978 not
1023 1938 1067 1989 ”)
1102 1940 1197 1990 ipsa
1234 1942 1469 1979 accurrunt
1507 1937 1641 1978 Koch.
1703 1937 1728 1978 I

244 1991 386 2030 retain
408 1990 589 2031 Nobbe's
609 1993 807 2042 readinq.

303 2079 320 2097 '¹
353 2073 562 2124 Literally
585 2075 610 2089 ‘¹
630 2088 657 2113 a
677 2074 803 2114 letter
823 2076 873 2115 of
890 2075 962 2114 the
982 2075 1239 2126 alphabet.''

303 2126 319 2149 ¹²
349 2127 441 2167 The
465 2128 750 2179 Epicuream,
773 2128 916 2168 whom
940 2129 1116 2169 Cassius
1138 2129 1225 2169 had
1249 2129 1439 2180 recently
1455 2128 1620 2180 joined.

251 2235 279 2274 Α
299 2186 315 2274 ‘i
347 2181 578 2232 Epicurus,
605 2182 703 2222 who
728 2182 945 2234 belonged
967 2188 1012 2223 to
1032 2183 1106 2223 the
1126 2183 1253 2223 deme
1273 2185 1323 2223 of
1343 2183 1598 2235 Gargetnis,
1620 2197 1725 2224 near

243 2265 252 2274 .
288 2239 427 2275 tiens.

299 2288 316 2311 ‘¹
349 2294 374 2309 ‘⁶
388 2289 480 2329 The
503 2289 776 2340 Epicureans
796 2290 1037 2330 accounted
1059 2292 1127 2330 for
1147 2290 1266 2342 sight
1282 2291 1342 2342 by
1359 2292 1605 2342 supposing
1626 2290 1722 2330 that

243 2341 300 2382 all
340 2342 492 2382 bodies
533 2357 642 2383 were
688 2343 961 2395 continually
1009 2346 1165 2395 giving
1213 2343 1278 2383 off
1313 2343 1427 2384 films
1469 2358 1518 2383 or
1557 2346 1722 2396 images

238 2395 435 2447 (εἴδωλα),
458 2396 599 2436 which
623 2397 850 2449 impinged
873 2411 990 2449 upon
1013 2399 1085 2437 the
1106 2411 1199 2449 eye,
1221 2397 1308 2437 and
1336 2398 1430 2437 that
1451 2397 1674 2449 produced
1696 2412 1723 2438 a

243 2453 270 2469 “
285 2451 423 2489 vision
441 2450 465 2464 ''
486 2451 744 2502 (φαντασία),
767 2451 909 2491 which
941 2453 984 2491 in
1005 2452 1059 2491 its
1081 2455 1182 2491 turn
1204 2450 1354 2491 struck
1376 2451 1449 2491 the
1474 2451 1611 2499 mind,
1630 2452 1718 2492 and

241 2501 421 2543 became
441 2517 466 2543 8.
488 2508 515 2525 ‘⁶
530 2503 693 2544 mental
715 2505 852 2545 vision
870 2504 895 2521 '⁹
915 2504 1165 2555 (διανοητικὴ
1186 2505 1424 2557 φαντασία).

245 2565 341 2619 ί296
