1837 3029
888 157 1140 205 CICERO

268 303 460 334 sorores
496 303 577 334 me
614 294 832 350 rogant:
886 293 940 334 et
974 285 1230 334 hominem
1266 303 1386 334 noro
1423 293 1477 335 et
1512 287 1633 350 quid
1666 289 1758 336 sibi

266 375 494 423 voluerit.

816 575 994 624 xvm
1030 575 1090 639 (Ι.
1131 576 1210 639 10)

655 719 710 752 Μ.
747 721 921 751 CICERO
956 720 993 752 S.
1032 721 1078 752 D.
1116 721 1170 752 M.
1209 720 1372 752 BRUTO

793 812 974 860 Romae,
997 826 1130 855 A.U.c.
1155 816 1230 854 711

221 916 242 957 1
333 909 506 958 Nullas
540 908 703 957 adhuc
736 926 765 956 a
797 916 850 956 te
883 909 1078 955 litteras
1111 908 1442 966 habebamus,
1474 926 1539 957 ne
1571 909 1760 960 famam

267 999 490 1062 quidem,
522 1014 651 1061 quae
683 997 962 1043 declararet
992 1003 1045 1043 te
1076 1001 1279 1059 cognita
1310 1003 1514 1043 senatus
1547 1002 1760 1046 auctori-

266 1093 376 1133 tate
402 1090 454 1133 in
481 1085 680 1132 Italiam
707 1085 957 1131 adducere
985 1088 1295 1140 exercitum;
1332 1085 1466 1147 quod
1488 1093 1544 1132 ut
1569 1085 1760 1134 faceres

268 1175 419 1236 idque
450 1180 747 1227 maturares,
778 1188 962 1233 magno
993 1188 1143 1233 opere
1176 1172 1497 1218 desiderabat
1528 1189 1605 1218 res
1635 1175 1761 1235 pub-

267 1261 377 1313 lica,
408 1263 709 1320 ingravescit.
741 1263 872 1305 enim
905 1263 954 1304 in
985 1259 1090 1305 dies
1121 1263 1419 1306 intestinum
1449 1260 1637 1306 malum
1668 1277 1759 1308 nee

269 1352 489 1394 externis
516 1347 742 1393 hostibus
768 1350 927 1410 magis
953 1363 1105 1409 quam
1136 1347 1423 1393 domesticis
1457 1347 1759 1405 laboramus,

268 1440 351 1499 qui
384 1443 528 1481 erant
559 1439 761 1481 omnino
792 1435 856 1480 ab
886 1437 1027 1480 initio
1054 1434 1189 1490 belli,
1219 1434 1309 1480 sed
1338 1433 1530 1481 facilius
1560 1434 1760 1498 frange-

268 1525 487 1570 bantur:
540 1526 752 1568 erectior
784 1529 989 1568 senatus
1024 1529 1133 1568 erat
1168 1538 1267 1567 non
1300 1526 1564 1568 sententiis
1599 1523 1757 1570 solum

267 1615 466 1665 nostris,
492 1611 580 1657 sed
608 1614 762 1657 etiam
788 1608 1217 1656 cohortationibus
1246 1613 1526 1657 excitatus:
1569 1617 1678 1656 erat
1708 1614 1758 1657 in

267 1706 448 1745 senatu
478 1702 598 1745 satis
630 1697 902 1744 vehemens
934 1704 987 1743 et
1017 1714 1132 1744 acer
1163 1697 1324 1743 Pansa
1349 1714 1463 1744 cum
1489 1700 1540 1744 in
1563 1705 1758 1746 ceteros

266 1785 411 1833 huius
446 1789 662 1848 generis,
696 1793 807 1831 tum
840 1788 1060 1831 maxime
1095 1788 1146 1830 in
1180 1801 1424 1840 socerum,
1457 1789 1536 1831 cui
1570 1786 1758 1833 consuli

267 1890 366 1921 non
392 1877 586 1920 animus
615 1874 678 1919 ab
704 1876 863 1928 initio,
890 1889 989 1918 non
1019 1872 1140 1918 fides
1171 1873 1233 1919 ad
1263 1879 1549 1918 extremum
1577 1872 1755 1921 defuit.

218 1968 243 2008 2
268 1961 462 2008 Bellum
497 1961 560 2007 ad
598 1961 853 2006 Mutinam
889 1964 960 2006 ita
993 1961 1283 2023 gerebatur,
1310 1958 1431 2006 nihil
1466 1966 1522 2006 ut
1551 1963 1601 2006 in
1634 1961 1757 2008 Cae-

268 2066 378 2096 sare
408 2047 823 2112 reprehenderes,
854 2047 1092 2094 nonnulla
1126 2051 1176 2093 in
1214 2048 1414 2102 Hirtio;
1461 2045 1607 2094 huius
1640 2047 1756 2096 belli

267 2136 487 2192 fortuna,

488 2237 537 2273 ut
558 2234 601 2272 in
624 2232 841 2278 secundis,
866 2232 996 2277 fluxa,
1019 2236 1066 2272 ut
1088 2233 1130 2271 in
1153 2231 1361 2278 adversis,
1382 2231 1525 2272 bona:

268 2335 378 2376 erat
420 2331 594 2374 victrix
636 2344 713 2373 res
755 2327 955 2390 publica
994 2330 1149 2372 caesis
1192 2328 1398 2373 Antonii
1440 2329 1610 2390 copiis,
1651 2331 1758 2390 ipso

617 2510 637 2531 ‘¹
669 2505 825 2546 Fufius
844 2504 1034 2545 Calenus
1055 2505 1223 2555 (Letter
1246 2503 1287 2544 ΙΙ
1311 2507 1330 2551 ἓ
1350 2506 1409 2559 4).
