1837 3029
849 178 1100 226 CICERO

235 322 454 375 tempus,
474 311 661 357 Romae
680 312 994 372 praesertim,
1011 315 1070 354 ut
1085 311 1181 354 iste
1198 324 1280 355 me
1296 316 1460 372 rogat,
1477 312 1720 364 manenti,

236 403 446 435 vacuum
473 385 758 433 ostenditur
780 385 798 431 ?
856 383 956 430 Sed
982 383 1165 430 videro.
1227 383 1458 430 Fortasse
1486 388 1618 431 enim
1644 385 1722 447 (ut

186 473 211 512 3
237 464 313 525 fit)
341 466 507 508 vincet
532 467 648 506 tuus
675 475 814 505 amor
838 474 1011 505 omnes
1036 457 1370 505 difficultates.
1428 458 1721 507 Trebatium

237 537 371 601 quod
412 535 475 582 ad
515 550 568 580 se
609 535 846 588 miserim,
887 531 1106 594 persalse
1148 538 1201 578 et
1241 530 1529 580 humaniter
1569 536 1722 580 etiam

236 614 424 675 gratias
450 608 571 655 mihi
598 611 718 671 agit.
779 606 950 670 Negat
977 609 1127 662 enim,
1152 609 1203 652 in
1228 613 1374 653 tanta
1399 606 1723 656 multitudine

239 701 429 739 corum,
462 685 546 746 qui
580 698 680 728 una
712 688 898 736 essent,
932 697 1239 744 quemquam
1271 678 1442 737 fuisse,
1474 685 1560 745 qui
1592 683 1725 731 vadi-

238 763 461 808 monium
486 760 748 820 concipere
774 762 959 819 posset.
1023 755 1095 802 M.
1125 755 1297 803 Curtio
1322 757 1637 805 tribunatum
1662 758 1726 805 ab

239 852 299 882 eo
322 835 477 896 petivi
502 832 641 895 (nam
665 831 918 877 Domitius
942 846 995 876 se
1019 829 1235 876 derideri
1258 837 1506 892 putasset,
1529 834 1568 878 si
1594 838 1728 880 esset

238 926 267 955 a
291 924 372 954 me
396 912 602 970 rogatus
627 920 638 960 ;
680 904 774 951 hoc
799 906 933 950 enim
959 910 1037 950 est
1062 906 1167 950 eius
1192 904 1559 966 quotidianum,
1585 921 1638 952 se
1663 922 1726 953 ne

238 984 497 1030 tribunum
532 980 748 1026 militum
783 980 986 1041 quidem
1022 977 1223 1033 facer-<33
1277 982 1431 1025 etiam
1463 983 1515 1026 in
1547 987 1727 1028 senatu

239 1058 357 1105 lusit
385 1058 607 1119 Appium
635 1054 897 1117 collegam,
927 1061 1195 1116 propterea
1224 1057 1319 1100 isse
1349 1054 1414 1101 ad
1442 1054 1728 1111 Caesarem,

240 1141 297 1180 ut
338 1132 555 1194 aliquem
597 1130 911 1176 tribunatum
972 1127 1233 1190 auferret),
1274 1129 1363 1175 sed
1422 1132 1472 1175 in
1514 1129 1728 1177 alterum

191 1217 216 1255 4
243 1224 444 1255 annum.
510 1206 568 1252 Id
614 1211 667 1251 et
705 1204 907 1251 Curtius
952 1206 1023 1250 ita
1066 1203 1283 1250 volebat.
1353 1204 1446 1259 Tu,
1489 1206 1729 1268 quemad-

245 1281 448 1329 modum
484 1296 566 1326 me
600 1295 774 1325 censes
808 1283 1042 1340 oportere
1078 1294 1185 1324 esse
1224 1281 1273 1323 in
1305 1277 1559 1340 republica
1594 1286 1647 1326 et
1679 1283 1729 1327 in

247 1359 427 1404 nostris
453 1357 740 1408 inimicitiis,
766 1356 838 1399 ita
872 1360 925 1399 et
961 1369 1069 1399 esse
1097 1359 1150 1399 et
1175 1351 1280 1398 fore
1308 1353 1526 1400 auricula
1560 1355 1731 1401 infima

191 1441 217 1480 5
242 1435 366 1479 scito
382 1429 674 1477 molliorem.
726 1427 824 1474 Res
845 1427 1102 1473 Romanae
1122 1443 1174 1473 se
1194 1430 1262 1473 sic
1280 1426 1554 1475 habebant.
1607 1429 1732 1477 Erat

243 1504 480 1554 nonnulla
514 1520 627 1566 spes
661 1505 994 1558 comitiorum,
1027 1501 1118 1549 sed
1146 1505 1374 1557 incerta;
1426 1510 1536 1550 erat
1566 1503 1733 1567 aliqua

242 1583 455 1643 suspicio
491 1579 793 1633 dictaturae,
826 1593 890 1623 ne
928 1593 989 1623 ea
1025 1576 1230 1639 quidem
1263 1584 1437 1632 certa;
1480 1595 1731 1626 summum

242 1659 402 1703 otium
427 1653 643 1708 forense,
669 1652 759 1699 sed
784 1654 1093 1698 senescentis
1122 1654 1283 1714 magis
1315 1654 1549 1708 civitatis,
1580 1670 1730 1716 quam

242 1731 621 1793 acquiescentis.
681 1726 947 1773 Sententia
1003 1732 1176 1772 autem
1233 1732 1403 1772 nostra
1449 1728 1500 1773 in
1551 1735 1731 1787 senatu

244 1804 504 1859 eiusmodi,
531 1805 690 1865 magis
716 1808 774 1849 ut
799 1801 881 1848 alii
905 1801 1046 1847 nobis
1073 1803 1430 1858 assentiantur,
1450 1817 1603 1865 quam
1623 1821 1732 1851 nos·

244 1881 462 1941 metipsi.

362 1975 559 2023 TorafiO'
597 1975 621 2021 ὁ
660 1975 855 2036 τλήμων
893 1973 1102 2035 πόλεμος
1139 1972 1446 2037 ἐξεργάζεται.

251 2194 259 2202 ⁶
304 2144 324 2163 ⁰
359 2139 422 2179 M.
437 2138 622 2204 ⁸Curtius
643 2136 878 2177 Postumus
897 2152 908 2181 ;
946 2135 1098 2176 Cicero
1117 2134 1221 2175 calls
1241 2134 1420 2176 himself
1435 2135 1501 2176 his
1517 2141 1732 2187 patronus

249 2206 292 2233 m
308 2194 693 2314 badlgliehogarqbu&
733 2242 886 2284 consul
926 2243 1027 2283 with
1074 2243 1247 2295 Appius
1286 2241 1498 2283 Claudius
1548 2242 1733 2285 Pulcher

248 2299 324 2377 for-⁶
339 2304 556 2403 Ollossibly
578 2350 804 2391 horrowed
823 2350 936 2390 from
957 2349 1156 2390 Catullus
1174 2349 1369 2400 (mollior
1387 2349 1525 2389 imula
1543 2350 1731 2397 oricilla,

249 2411 317 2447 95.
344 2411 403 2456 Ω),
431 2408 509 2446 but
534 2420 582 2445 as
608 2406 758 2445 Cicero
785 2419 914 2445 never
939 2417 1046 2444 once
1074 2405 1289 2443 mentions
1315 2402 1514 2443 Catullus
1539 2404 1613 2455 (cf.
1640 2406 1679 2444 9.
1705 2407 1730 2444 ⁶2

249 2461 422 2511 above),
458 2462 488 2500 it
523 2473 625 2511 may
660 2458 764 2510 only
797 2458 867 2506 be,
899 2471 949 2499 as
981 2457 1150 2510 Tyrrell
1182 2461 1399 2509 suggests,
1433 2470 1490 2496 an
1524 2456 1731 2510 ordinary

254 2592 347 2635 534
