1837 3029
848 162 1100 209 CICERO

230 291 491 346 iudicabis,
531 291 680 354 quale
721 295 820 346 sit3
880 297 934 337 et
974 291 1108 353 quod
1149 294 1199 336 in
1240 294 1527 337 miserrimis
1566 291 1714 337 rebus

232 381 437 424 minime
462 382 698 425 miserum
725 379 946 441 putabis,
970 378 1021 425 id
1045 377 1215 424 facies.
1284 376 1424 424 Vale.
1493 393 1560 424 VI.
1596 378 1715 424 Idus

233 465 445 524 Quintil.

911 695 1035 744 XIV

232 851 435 882 TULLIUS
460 852 741 882 TERENTIAE
767 853 827 883 ET
853 853 1012 883 PATER
1036 853 1302 884 TULLIOLAE
1329 853 1519 884 DUABUS
1543 853 1716 883 ANIMIS

358 920 462 949 SUlS
505 920 566 950 ET
607 919 782 950 CICERO
825 920 983 950 MATRI
1025 920 1247 951 OPTIMAE
1287 920 1498 952 SUAVISS.
1538 919 1716 951 SORORI

361 986 398 1016 S.
436 986 479 1018 Ρ.
517 986 565 1018 Ι).

715 1057 969 1104 Minturnis,
991 1072 1122 1098 A.U.c.
1145 1061 1242 1100 705.

189 1190 208 1231 1
296 1184 347 1231 Si
388 1202 472 1233 vos
514 1185 709 1241 valetis,
750 1203 838 1232 nos
880 1185 1119 1232 valemus.
1187 1185 1422 1233 Vestrum
1464 1189 1562 1232 iam
1602 1203 1716 1233 con-

233 1272 395 1319 silium
417 1279 512 1328 est,
530 1290 629 1319 non
648 1272 807 1319 solum
827 1289 1015 1328 meum,
1034 1273 1155 1336 quid
1173 1276 1239 1319 sit
1258 1273 1395 1320 vobis
1412 1272 1716 1320 faciendum.

234 1359 283 1405 Si
313 1359 395 1405 ille
427 1360 638 1406 Romam
668 1360 899 1407 modeste
929 1367 1170 1407 venturus
1201 1367 1297 1416 est,
1326 1367 1465 1407 recte
1494 1363 1546 1406 in
1575 1376 1718 1423 prae-

233 1450 395 1493 sentia
423 1448 557 1493 domi
584 1464 693 1493 esse
718 1451 932 1509 potestis
956 1463 966 1503 ;
1009 1451 1085 1494 sin
1110 1447 1260 1494 homo
1286 1464 1459 1494 amens
1483 1448 1718 1510 diripien-

232 1534 349 1581 dam
387 1534 579 1581 Urbem
615 1534 824 1581 daturus
861 1541 956 1590 est,
991 1551 1184 1590 vereor,
1218 1542 1276 1582 ut
1313 1534 1577 1582 Dolabella
1610 1538 1717 1597 ipse

231 1625 352 1668 satis
386 1623 527 1668 nobis
560 1623 798 1684 prodesse
831 1626 1003 1685 possit.
1072 1623 1242 1669 Etiam
1274 1622 1397 1669 illud
1429 1630 1621 1677 metuo,
1653 1639 1717 1669 ne

230 1713 330 1755 iam
358 1709 771 1765 intercludamur,
800 1717 874 1766 ut,
902 1727 1015 1757 cum
1045 1710 1209 1757 velitis
1239 1713 1395 1766 exire,
1423 1727 1522 1757 non
1550 1709 1714 1757 liceat.

232 1797 500 1860 Reliquum
519 1805 614 1851 est,
632 1798 766 1861 quod
783 1801 922 1860 ipsae
939 1802 1131 1860 optime
1149 1798 1549 1853 considerabitis,
1566 1801 1717 1844 vestri

230 1884 416 1931 similes
452 1883 672 1931 feminae
708 1889 875 1933 sintne
913 1886 1120 1933 Romae.
1188 1885 1239 1932 Si
1276 1889 1411 1933 enim
1447 1903 1546 1933 non
1582 1892 1718 1941 sunt,

233 1973 505 2019 videndum
545 1980 640 2028 est,
680 1981 736 2020 ut
774 1972 988 2020 honeste
1027 1990 1112 2020 vos
1152 1989 1261 2020 esse
1300 1976 1516 2036 possitis.
1583 1973 1717 2031 Quo-

232 2061 382 2107 modo
406 2061 611 2123 quidem
636 2078 768 2107 nunc
791 2077 845 2108 se
869 2078 948 2108 res
973 2060 1147 2117 habet,
1172 2062 1321 2108 modo
1346 2068 1403 2108 ut
1427 2060 1552 2108 haec
1576 2062 1717 2108 nobis

232 2146 338 2193 loca
359 2154 534 2193 tenere
554 2147 722 2203 liceat,
741 2148 1012 2195 bellissime
1033 2148 1111 2195 vel
1131 2165 1348 2205 mecum,
1369 2147 1446 2195 vel
1465 2151 1516 2194 in
1536 2151 1717 2195 nostris

231 2235 466 2296 praediiS,
495 2251 603 2281 esse
640 2239 887 2298 poteritis.
956 2237 1124 2282 Etiam
1161 2236 1283 2282 illud
1314 2236 1588 2283 verendum
1622 2242 1717 2291 est,

183 2329 207 2367 2
234 2339 294 2367 ne
326 2323 464 2369 brevi
495 2330 725 2385 tempore
756 2322 916 2369 fames
946 2326 996 2369 in
1031 2324 1169 2370 Urbe
1200 2327 1281 2370 sit.
1351 2323 1442 2369 His
1473 2323 1537 2370 de
1567 2323 1716 2369 rebus

230 2409 377 2455 velim
401 2426 513 2455 cum
538 2409 830 2472 Pomponio,
852 2427 964 2456 cum
990 2410 1216 2466 Camillo,
1238 2427 1351 2457 cum
1375 2411 1556 2473 quibus
1578 2410 1716 2456 vobis

230 2497 500 2553 videbitur,
542 2499 904 2554 consideretis;
967 2499 1031 2545 ad
1075 2515 1342 2554 summam,
1387 2501 1554 2544 animo
1596 2495 1714 2544 forti

241 2581 335 2620 212
