1837 3029
838 162 1090 210 CICERO

218 291 327 338 bilis
353 307 364 347 ;
405 295 476 338 rei
500 292 729 354 publicae
755 293 889 355 quod
913 292 1257 354 spoponderis,
1282 291 1710 355 quemadmodum

219 396 397 452 solvas,
430 400 469 443 si
504 401 542 444 is
576 397 795 459 dependi
830 397 974 443 facile
1009 401 1217 459 patitur,
1244 414 1332 460 pro
1366 413 1465 460 quo
1498 412 1712 460 spopon-

97 519 121 525 “-
167 509 194 546 4
219 501 349 549 deris
371 503 388 548 ?
454 502 775 565 Quamquam
803 510 855 549 et
880 502 1029 558 hunc,
1056 510 1113 550 ut
1138 519 1301 565 spero,
1326 502 1514 549 tenebo
1541 502 1710 548 multis

217 609 618 669 repugnantibus
641 625 650 655 :
695 608 893 655 videtur
920 611 1053 654 enim
1081 625 1189 655 esse
1218 611 1267 654 in
1298 624 1358 654 eo
1384 607 1593 664 indoles,
1621 607 1710 654 sed

217 713 446 760 flexibilis
475 721 615 760 aetas
643 714 890 777 multique
919 714 983 760 ad
1010 713 1388 776 depravandum
1416 716 1596 776 parati,
1624 716 1709 776 qui

218 819 484 881 splendore
527 819 637 866 falsi
680 818 877 866 honoris
921 820 1119 866 obiecto
1162 822 1322 865 aciem
1364 819 1481 866 boni
1523 821 1711 882 ingenii

215 928 519 988 praestringi
549 941 695 988 posse
728 925 1002 971 confidunt.
1074 925 1256 988 Itaque
1289 924 1353 972 ad
1383 924 1599 988 reliquos
1631 923 1710 971 hic

217 1046 419 1093 quoque
471 1031 611 1077 labor
661 1030 783 1077 mihi
834 1034 1060 1087 accessit,
1107 1038 1164 1078 ut
1214 1046 1388 1078 omnes
1440 1029 1707 1077 adhibeam

215 1135 470 1183 machinas
493 1136 556 1182 ad
581 1136 862 1183 tenendum
883 1136 1281 1192 adulescentem,
1302 1152 1365 1182 ne
1385 1135 1574 1182 famam
1595 1136 1709 1182 sub-

215 1257 327 1288 eam
366 1245 707 1288 temeritatis:
765 1258 1074 1305 quamquam
1115 1258 1246 1304 quae
1278 1245 1542 1288 temeritas
1588 1241 1708 1288 est?

218 1346 385 1410 Magis
408 1350 541 1393 enim
568 1347 724 1403 illum,
745 1364 833 1409 pro
860 1364 958 1410 quo
979 1347 1242 1410 spopondi,
1263 1364 1414 1410 quam
1436 1363 1518 1393 me
1545 1350 1708 1410 ipsum

213 1453 447 1515 obligavi,
492 1469 583 1499 nec
624 1470 741 1499 vero
781 1457 1044 1515 paenitere
1091 1459 1262 1515 potest
1307 1469 1414 1498 rem
1456 1452 1707 1515 publicam

214 1575 296 1605 me
318 1576 406 1621 pro
428 1576 487 1605 eo
507 1559 853 1621 spopondisse,
874 1563 959 1622 qui
979 1558 1075 1605 fuit
1098 1562 1148 1604 in
1166 1559 1314 1605 rebus
1335 1558 1573 1621 gerundis
1594 1575 1708 1604 cum

163 1672 188 1710 6
214 1681 303 1711 suo
324 1668 543 1727 ingenio,
564 1672 675 1710 tum
692 1681 805 1711 mea
823 1668 1149 1727 promissione
1171 1667 1495 1711 constantior.
1545 1663 1709 1710 Maxi-

213 1787 324 1817 mus
346 1778 537 1825 autem,
555 1774 646 1816 nisi
668 1787 749 1816 me
769 1770 901 1816 forte
921 1770 1066 1823 fallit,
1087 1773 1136 1816 in
1157 1787 1209 1816 re
1231 1770 1429 1832 publica
1450 1770 1608 1816 nodus
1630 1776 1707 1816 est

214 1879 381 1937 inopia
416 1879 486 1921 rei
522 1879 872 1938 pecuniariae:
906 1876 1247 1921 obdurescunt
1282 1879 1416 1921 enim
1442 1878 1601 1938 magis
1628 1892 1707 1921 co-

213 1981 336 2027 tidie
369 1982 486 2027 boni
521 1984 609 2027 viri
640 1981 704 2028 ad
737 1997 909 2028 vocem
935 1982 1132 2036 tributi,
1167 1981 1302 2043 quod
1334 1996 1397 2027 ex
1430 1983 1707 2027 centesima

212 2087 450 2133 collatum
499 2086 784 2150 impudenti
827 2103 979 2133 censu
1023 2086 1350 2149 locupletium
1399 2088 1449 2132 in
1492 2086 1704 2132 duarum

212 2192 467 2256 legionum
516 2196 749 2255 praemiis
799 2208 948 2238 omne
997 2195 1306 2238 consumitur
1330 2207 1341 2246 ;
1406 2191 1706 2253 impendent

212 2305 385 2345 autem
415 2298 596 2344 infiniti
625 2304 856 2360 sumptus
886 2314 999 2344 cum
1028 2300 1079 2344 in
1108 2296 1196 2344 hos
1227 2299 1495 2352 exercitus,
1524 2297 1704 2359 quibus

213 2420 343 2449 nunc
380 2402 717 2459 defendimur,
753 2409 862 2449 tum
901 2419 1017 2449 vero
1053 2405 1103 2448 in
1139 2409 1469 2448 tuum—nam
1506 2401 1702 2448 Cassius

212 2517 382 2555 noster
424 2508 621 2555 videtur
662 2525 806 2571 posse
847 2512 966 2554 satis
1009 2515 1212 2554 ornatus
1256 2510 1438 2554 venire.
1509 2506 1608 2553 Sed
1649 2513 1703 2553 et

209 2592 302 2634 734
