1837 3029
865 188 1114 235 CICERO

246 322 505 366 nuntiasti.
571 318 642 363 'l'e
675 323 840 363 totum
874 320 921 362 in
957 316 1137 363 litteris
1171 317 1286 364 vidi.
1353 317 1526 364 Sabini
1564 323 1730 382 pueris

248 394 303 434 et
325 388 526 449 promisi
551 388 735 439 omnia,
760 391 813 430 et
836 383 1033 430 faciam.

661 833 715 864 M.
751 834 795 864 T.
833 834 874 864 C.
911 834 947 863 S.
986 833 1028 863 P.
1067 833 1113 864 D.
1149 833 1321 864 TIRONI

754 951 953 993 Asturae.
974 965 1106 992 Amne.
1129 954 1225 992 709.

314 1075 490 1129 Video,
513 1074 633 1136 quid
657 1090 775 1135 agas
801 1089 809 1117 :
848 1080 960 1118 tuus
983 1090 1183 1135 quoque
1208 1072 1447 1135 epistulas
1471 1076 1540 1120 vis
1560 1073 1732 1121 referri

250 1145 299 1188 in
335 1141 600 1188 volumina.
670 1139 768 1186 Sed
803 1139 927 1185 heus
958 1147 1032 1193 tu,
1066 1143 1150 1202 qui
1186 1139 1334 1185 κανών
1367 1157 1476 1187 esse
1508 1158 1731 1188 meorum

250 1213 546 1271 scriptorum
587 1206 731 1261 soles,
771 1207 903 1253 unde
946 1206 1067 1253 illud
1104 1214 1208 1252 tani
1259 1206 1448 1267 ἄκυρον,
1486 1208 1735 1255 valetudini

234 1275 444 1338 fideliter
479 1274 804 1321 inserviendo?
880 1273 1028 1320 [Inde
1066 1276 1116 1319 in
1154 1277 1307 1320 istum
1345 1273 1507 1321 locum
1527 1275 1737 1338 fideliter

252 1343 430 1389 venit?
479 1344 556 1388 cui
588 1342 740 1387 verbo
769 1340 1072 1386 domicilium
1104 1348 1181 1387 est
1211 1344 1465 1403 proprium
1489 1344 1539 1387 in
1560 1343 1736 1398 officio,

251 1413 577 1473 migrationes
602 1412 652 1453 in
681 1407 898 1453 alienum
926 1407 1133 1453 multae.
1195 1408 1323 1453 Nam
1352 1415 1405 1454 et
1430 1409 1656 1455 doctrina
1683 1418 1735 1456 et

251 1478 428 1524 domus
457 1483 510 1522 et
543 1492 619 1521 ars
649 1482 701 1521 et
729 1491 849 1538 ager
876 1477 1029 1520 etiam
1041 1473 1208 1536 fidelis
1234 1475 1329 1521 dici
1357 1482 1544 1537 potest,
1571 1483 1629 1523 ut
1654 1480 1735 1530 sit,

252 1544 503 1606 quomodo
517 1541 867 1604 Theophrasto
883 1541 1067 1603 placet,
1084 1543 1366 1589 verecunda
1383 1542 1600 1589 tralatio.
1636 1543 1734 1590 Sed

252 1611 376 1657 haec
410 1627 593 1656 coram.
665 1610 956 1655 Demetrius
993 1612 1130 1655 venit
1166 1610 1228 1655 ad
1263 1626 1363 1664 nie,
1398 1626 1497 1672 quo
1531 1611 1734 1672 quidem

251 1681 496 1724 comitatu
530 1675 842 1736 ιὶφιομίλησα,
868 1679 988 1722 satis
1013 1676 1175 1722 scite.¹
1239 1676 1314 1722 Tu
1352 1693 1466 1722 eurn
1504 1677 1737 1724 videlicet

251 1763 349 1790 non
395 1747 602 1806 potuisti
648 1744 832 1790 videre.
911 1743 1030 1789 Cras
1075 1743 1272 1797 aderit3
1333 1744 1524 1790 videbis
1566 1747 1733 1808 igitur.

253 1812 382 1858 Nam
413 1828 507 1875 ego
536 1810 650 1856 hinc
678 1811 918 1872 perendie
947 1827 1096 1856 mane
1124 1813 1306 1873 cogito.
1370 1810 1621 1859 Valetudo
1646 1819 1737 1859 tua

661 1927 674 1950 ¹
706 1927 880 1967 ILFJJ.
899 1945 908 1968 ε
932 1929 1038 1968 satis
1059 1929 1141 1968 scis
1163 1927 1319 1968 Nobbe.

311 2041 329 2059 ⁰
358 2035 449 2074 'l‘hc
472 2049 586 2073 ncws
607 2034 656 2073 oi'
673 2034 812 2073 'l'iro's
835 2035 1166 2073 manumission.

315 2088 331 2111 ὓ
362 2089 443 2129 See
465 2103 532 2128 xv.
556 2092 623 2127 20.
655 2092 685 2127 1.

317 2149 331 2167 ⁰
363 2141 648 2181 xanbszat.
691 2155 857 2188 norma,
892 2141 966 2181 the
1002 2140 1214 2181 standard
1258 2141 1319 2192 by
1353 2141 1493 2181 which
1537 2141 1655 2182 what
1702 2144 1736 2183 is

259 2200 424 2236 correct
465 2197 499 2236 is
538 2195 691 2236 tested.
760 2199 950 2245 ἅκυρονε
965 2194 988 2210 “
1003 2208 1062 2235 an
1097 2195 1413 2235 unauthorized
1460 2209 1508 2235 or
1546 2195 1737 2236 obsolete

261 2249 558 2302 expr‹=„sion.’'

316 2304 333 2326 ‘¹
365 2303 553 2343 ficei-0⁹8
573 2302 789 2354 objection
811 2315 950 2342 seems
970 2306 1015 2342 to
1035 2316 1085 2342 us
1106 2301 1411 2354 hyper-critical
1429 2318 1440 2342 z
1479 2301 1532 2341 he.
1551 2315 1737 2354 appears

258 2362 303 2397 to
317 2371 452 2404 argue
467 2357 562 2396 that
576 2356 919 2407 becausefidplis
935 2355 1104 2407 iniplies
1119 2355 1326 2395 unselfish
1341 2357 1502 2395 service
1519 2360 1561 2395 to
1575 2356 1734 2404 others,

258 2413 312 2451 its
342 2411 608 2461 application
639 2416 684 2450 to
714 2410 786 2450 the
816 2410 959 2449 seltish
990 2424 1089 2449 care
1118 2411 1168 2449 of
1192 2410 1312 2450 one's
1341 2423 1439 2449 own
1471 2409 1617 2449 health
1647 2412 1681 2449 is
1709 2423 1736 2450 a

257 2465 574 2505 contradiction
601 2466 642 2504 in
666 2469 814 2510 ternis,
838 2478 863 2503 a
886 2465 1116 2503 confusion
1141 2465 1190 2503 of
1208 2464 1282 2503 the
1302 2463 1515 2515 objective
1538 2463 1640 2503 with
1663 2464 1736 2505 the

256 2519 508 2570 subjective.
563 2518 649 2558 But
671 2518 765 2558 that
775 2519 974 2569 fideliter
992 2531 1074 2558 can
1099 2518 1150 2558 be
1173 2516 1279 2558 used
1302 2519 1346 2557 in
1367 2517 1442 2558 the
1462 2516 1595 2558 wider
1613 2530 1737 2560 sense

263 2588 359 2630 354
