1837 3029
857 197 1108 244 CICERO

237 325 386 372 modo
407 342 504 371 non
524 325 818 387 supplicem,
837 325 926 371 sed
946 329 1100 371 etiam
1120 330 1378 372 coerceam
1398 323 1730 387 postulantes,

239 423 296 462 ut
334 417 426 463 sibi
464 417 791 478 supplicetur,
830 423 918 462 aut
957 415 1104 479 longe
1143 432 1172 462 a
1209 415 1540 462 serm’entibus
1579 415 1731 461 abero

240 506 462 570 mihique
500 523 608 553 esse
645 507 875 553 iudicabo
912 506 1142 562 Romam,
1179 507 1483 569 ubicumque
1519 505 1730 553 liberum

241 614 349 645 esse
394 598 580 652 licebit,
621 614 678 644 ac
716 600 869 644 vestri
909 598 1199 653 miserebor,
1240 597 1418 660 quibus
1458 612 1551 644 nec
1590 603 1732 643 aetas

240 705 405 752 neque
438 687 650 735 honores
681 705 774 735 nec
805 691 959 735 virtus
992 688 1154 734 aliena
1184 688 1503 735 dulcedinem
1534 686 1731 734 vivendi

195 787 220 826 9
245 784 470 827 minuere
491 783 730 842 potuerit.
805 779 932 826 Mihi
953 779 1157 843 quidem
1179 783 1249 826 ita
1269 780 1449 826 beatus
1470 795 1579 826 esse
1600 777 1734 824 vide-

243 872 349 926 bor,
390 874 430 918 si
471 871 620 918 modo
662 878 954 917 constanter
994 887 1051 917 ac
1093 877 1340 933 perpetuo
1381 870 1602 932 placebit
1641 867 1734 915 hoc

244 963 520 1017 consilium,
552 970 609 1009 ut
640 962 853 1009 relatam
885 969 1061 1024 putem
1094 965 1310 1025 gratiam
1342 963 1522 1024 pietati
1553 975 1734 1015 meae;

243 1053 364 1117 quid
394 1057 528 1100 enim
557 1061 635 1100 est
663 1053 840 1100 melius
870 1070 1021 1116 quam
1051 1056 1293 1099 memoria
1321 1059 1458 1099 recte
1487 1051 1734 1099 factorum

243 1152 295 1192 et
317 1145 552 1191 libertate
573 1152 871 1191 contentum
891 1145 1163 1208 neglegere
1184 1143 1438 1190 humana?
1475 1142 1576 1190 Sed
1595 1149 1733 1190 certe

244 1253 342 1282 non
376 1237 700 1283 succumbam
735 1237 1180 1283 succumbentibus
1215 1252 1307 1281 nec
1342 1238 1508 1281 vincar
1544 1235 1608 1282 ab
1646 1237 1734 1289 eis,

244 1331 328 1390 qui
367 1344 419 1374 se
460 1330 587 1374 vinci
626 1327 816 1382 volunt,
856 1330 1189 1390 experiarque
1228 1334 1281 1373 et
1319 1327 1531 1373 tentabo
1568 1328 1736 1373 omnia

243 1435 409 1482 neque
442 1419 682 1465 desistam
716 1417 1009 1466 abstrahere
1041 1435 1070 1465 a
1101 1421 1303 1465 servitio
1335 1421 1594 1464 civitatem
1625 1434 1734 1464 nos-

242 1517 388 1557 tram.
461 1510 512 1556 Si
547 1517 721 1557 secuta
756 1509 909 1557 fuerit
946 1527 1075 1573 quae
1112 1509 1268 1556 debet
1303 1509 1522 1565 fortuna,
1547 1508 1735 1572 gaude-

242 1602 404 1649 bimus
425 1618 598 1648 omnes
621 1617 630 1656 ;
663 1605 701 1648 si
723 1604 903 1656 minus,
925 1618 1019 1665 ego
1040 1608 1215 1648 tamen
1234 1601 1483 1664 gaudebo.
1539 1599 1733 1658 Quibus

242 1696 376 1739 enim
432 1696 597 1755 potius
657 1692 780 1739 haee
839 1696 941 1739 vita
997 1692 1141 1739 factis
1203 1699 1291 1738 aut
1344 1692 1733 1755 cogitationibus

245 1784 539 1830 traducatur
570 1801 721 1846 quam
746 1787 821 1839 iis,
848 1800 978 1847 quae
1005 1787 1342 1846 pertinuerint
1363 1783 1427 1830 ad
1453 1783 1735 1831 liberandos

167 1884 217 1923 10
243 1879 373 1921 cives
405 1892 542 1922 meos
569 1876 586 1920 ?
654 1874 744 1930 Te,
776 1875 966 1930 Cicero,
997 1892 1119 1939 rogo
1151 1882 1304 1938 atque
1337 1873 1524 1930 hortor,
1556 1891 1619 1921 ne
1650 1874 1735 1922 de-

244 1965 459 2029 fatigere
499 1983 597 2013 neu
635 1966 845 2022 diffidas,
882 1983 1083 2029 semper
1119 1969 1169 2012 in
1207 1966 1556 2028 praesentibus
1594 1966 1735 2013 malis

244 2057 565 2120 prohibendis
604 2056 775 2103 futura
813 2074 1032 2120 quoque,
1070 2061 1161 2104 nisi
1200 2064 1320 2104 ante
1357 2060 1422 2104 sit
1459 2074 1735 2113 occursum,

245 2149 492 2210 explores,
516 2165 578 2194 ne
602 2165 654 2194 se
679 2151 952 2204 insinuent,
975 2147 1159 2195 fortem
1184 2155 1237 2195 et
1260 2148 1472 2196 liberum
1495 2151 1736 2204 animum,

244 2256 343 2302 quo
369 2247 422 2286 et
446 2239 616 2286 consul
643 2246 695 2285 et
721 2256 852 2286 nunc
876 2239 1145 2286 consularis
1171 2256 1277 2286 rem
1302 2240 1554 2302 publicam
1580 2240 1735 2287 vindi-

242 2334 384 2386 casti,
423 2333 529 2377 sine
571 2334 856 2377 constantia
895 2337 949 2377 et
988 2331 1353 2394 aequabilitate
1394 2331 1585 2378 nullum
1625 2348 1733 2378 esse

241 2425 448 2484 putaris.
533 2421 716 2467 Fateor
760 2425 893 2467 enim
937 2421 1189 2468 duriorem
1233 2439 1342 2469 esse
1390 2422 1732 2469 condicionem

240 2519 502 2575 spectatae
535 2515 731 2559 virtutis
764 2529 915 2576 quam
947 2516 1269 2576 incognitae:
1318 2513 1449 2560 bene
1479 2512 1615 2561 facta
1644 2530 1733 2577 pro

238 2617 329 2659 728
