1837 3029
859 172 1110 220 CICERO

242 305 455 353 discant.
524 305 701 352 Libros
729 321 887 359 meOS,
915 320 1040 366 quos
1070 309 1355 365 exspectas,
1381 299 1611 347 inchoavi
1637 297 1728 346 sed

242 376 488 423 conficere
518 393 618 422 non
646 391 849 437 possum
879 374 954 420 his
983 374 1178 420 diebus.
1245 372 1515 419 Orationes
1541 368 1729 432 efflagi-

243 454 379 493 tatas
407 463 497 508 pro
526 446 712 492 Scauro
742 453 796 491 et
823 462 914 507 pro
944 444 1145 490 Plancio
1175 443 1378 489 absolvi.
1447 440 1636 487 Poema
1663 439 1726 486 ad

243 517 530 572 Caesarem,
577 516 713 579 quod
757 532 1157 578 composueram,
1201 513 1368 560 incidi.
1433 511 1545 558 Tibi
1592 510 1726 573 quod

242 605 407 650 rogas,
425 590 662 650 quoniam
687 590 780 649 ipsi
798 585 967 633 fontes
989 590 1090 632 iam
1114 588 1312 640 sitiunt,
1330 587 1370 630 si
1389 583 1511 646 quid
1527 580 1728 628 habebo

171 666 217 703 12
243 662 392 720 spati,
412 659 642 704 scribam.
711 657 870 704 Venio
891 658 956 704 ad
975 661 1198 704 tertiam.
1265 654 1479 701 Balbum
1500 652 1635 716 quod
1656 655 1727 698 ais

243 736 441 775 mature
469 729 681 775 Romam
706 729 839 774 bene
865 732 1165 775 comitatum
1192 743 1300 772 esse
1327 732 1597 772 venturum
1623 738 1727 769 me-

241 816 458 862 cumque
482 800 680 846 assidue
705 815 863 862 usque
888 800 952 846 ad
977 799 1051 845 Id.
1079 797 1243 844 Maias
1264 796 1511 850 futurum,
1532 794 1584 841 id
1605 792 1726 839 mihi

238 877 534 934 pergratum
546 887 739 934 perque
752 870 1027 917 iucundum
1042 873 1154 916 erit.
1221 868 1370 927 Quod
1385 883 1467 913 me
1482 870 1532 912 in
1547 864 1726 912 eadem

241 940 476 1003 epistula,
496 945 625 988 sicut
647 958 800 1004 saepe
823 948 994 996 antea,
1013 940 1288 986 cohortaris
1312 939 1377 986 ad
1399 938 1727 985 ambitionem

243 1019 296 1058 et
332 1012 397 1059 ad
430 1011 672 1068 laborem,
707 1011 889 1058 faciam
925 1011 1197 1074 equidem3
1242 1010 1332 1058 sed
1367 1009 1569 1073 quando
1597 1009 1728 1052 vive-

168 1089 216 1127 13
242 1083 393 1129 nius?
460 1082 657 1141 Quarta
691 1083 909 1146 epistula
948 1082 1069 1129 mihi
1104 1082 1306 1129 reddita
1341 1089 1420 1128 est
1456 1080 1531 1127 Id.
1567 1077 1728 1141 Sept„

243 1170 396 1216 quam
421 1171 450 1200 a
474 1154 522 1200 d.
550 1170 615 1200 1v.
643 1154 718 1201 Id.
745 1153 885 1200 Sext.
913 1170 976 1200 ex
1000 1153 1262 1200 Britannia
1285 1152 1514 1199 dederas.
1584 1149 1644 1195 In
1668 1164 1729 1195 ea

245 1222 366 1270 nihil
394 1240 515 1270 sane
549 1232 660 1272 erat
687 1229 820 1280 novi,
848 1231 1053 1287 praeter
1079 1223 1336 1287 Erigonam
1359 1239 1371 1279 3
1412 1238 1566 1285 quam
1594 1224 1634 1267 si
1664 1221 1727 1267 ab

243 1293 410 1356 Oppio
443 1311 702 1357 accepero,
733 1297 947 1342 scribam
981 1296 1045 1342 ad
1076 1303 1148 1351 te,
1180 1295 1303 1357 quid
1333 1296 1586 1347 sentiam;
1635 1307 1728 1337 nec

241 1365 438 1421 dubito,
467 1369 589 1428 quin
617 1365 740 1412 mihi
768 1365 1015 1428 placitura
1044 1370 1124 1413 sit.
1192 1366 1279 1420 Et,
1308 1365 1444 1428 quod
1471 1366 1728 1426 praeterii,

242 1435 307 1482 de
330 1452 409 1492 eo,
432 1452 585 1499 quem
607 1440 848 1499 scripsisti
870 1438 934 1484 de
961 1436 1165 1483 Milonis
1186 1437 1366 1499 plausu
1387 1438 1641 1497 scripsisse
1663 1434 1727 1480 ad

242 1505 530 1563 Caesarem,
549 1523 645 1570 ego
669 1524 787 1554 vero
810 1506 956 1554 facile
980 1511 1146 1570 patior
1169 1510 1240 1553 ita
1264 1507 1535 1553 Caesarem
1557 1508 1728 1552 existi-

242 1593 400 1633 mare,
442 1578 582 1624 illum
628 1595 781 1641 quam
825 1582 1103 1625 maximum
1147 1577 1301 1625 fuisse
1345 1577 1593 1640 plausum.
1659 1576 1728 1622 Et

243 1665 443 1710 prorsus
489 1653 564 1696 ita
608 1648 737 1705 fuit3
804 1657 857 1696 et
905 1657 1080 1696 tamen
1126 1650 1208 1695 ille
1257 1648 1479 1711 plausus,
1525 1650 1612 1710 qui
1658 1646 1728 1693 illi

172 1726 220 1765 14
245 1720 801 1782 datur,quodammodo
827 1722 968 1767 nobis
995 1722 1195 1768 videtur
1214 1721 1336 1767 dari.
1405 1719 1627 1765 Reddita
1651 1726 1729 1765 est

246 1793 401 1836 etiam
427 1790 547 1836 mihi
573 1798 812 1853 pervetus
843 1792 1078 1853 epistula,
1103 1792 1193 1839 sed
1222 1808 1333 1838 sero
1359 1789 1529 1846 allata,
1552 1793 1604 1836 in
1629 1806 1729 1853 qua

246 1861 309 1907 de
336 1862 463 1908 aede
487 1862 699 1908 Telluris
737 1869 790 1908 et
826 1862 889 1908 de
926 1866 1122 1925 porticu
1159 1862 1327 1908 Catuli
1362 1878 1444 1908 me
1470 1862 1726 1908 admoneS.

247 1932 327 1978 Fit
348 1940 620 1996 utrumque
645 1933 932 1997 diligenter.
1001 1933 1084 1980 Ad
1107 1933 1319 1980 Telluris
1343 1934 1548 1996 quidem
1573 1937 1726 1979 etiam

304 2076 323 2094 ⁰
357 2071 437 2111 His
460 2074 648 2120 treatise,
673 2072 736 2112 De
760 2073 1013 2124 Republica,
1039 2072 1087 2112 of
1107 2072 1247 2112 which
1272 2071 1375 2124 only
1400 2074 1594 2124 portions
1618 2072 1728 2113 have

248 2137 371 2165 come
392 2125 521 2165 down
542 2130 587 2166 to
609 2139 672 2166 us.

309 2180 324 2202 ⁰
361 2178 429 2230 Cf.
453 2180 534 2231 Ep.
557 2183 597 2220 4.
620 2182 660 2220 4.

309 2232 488 2273 ‘’Some
508 2237 849 2273 commentators
871 2233 975 2274 take
997 2234 1082 2274 this
1103 2247 1152 2274 as
1175 2235 1383 2286 meaning
1404 2234 1429 2250 “
1450 2233 1554 2274 with
1575 2233 1726 2286 plenty

248 2286 298 2326 of
323 2300 483 2337 money
512 2289 554 2326 in
586 2288 651 2326 his
681 2301 823 2338 purse.
831 2287 856 2303 ”
920 2288 1005 2327 But
1035 2290 1066 2327 it
1095 2287 1312 2339 probably
1343 2301 1493 2328 means
1522 2287 1671 2327 “with
1699 2300 1726 2327 a

248 2339 369 2417 large
388 2345 527 2380 escort
547 2341 595 2380 of
612 2341 786 2381 Caesar
791 2355 809 2380 s
829 2342 1023 2393 troops,”
1046 2346 1089 2381 to
1109 2341 1213 2381 take
1234 2346 1332 2392 part
1352 2344 1395 2381 in
1416 2342 1489 2382 the
1507 2341 1724 2382 elections.

358 2394 442 2446 Adj
426 2396 603 2446 joining
628 2394 792 2434 Cicero'
797 2409 816 2435 s
844 2395 978 2435 house
1010 2397 1051 2435 in
1082 2395 1235 2442 Rome,
1262 2395 1428 2447 destro)
1429 2395 1494 2435 ed
1521 2395 1623 2435 with
1653 2395 1726 2435 the

250 2448 384 2488 house
406 2448 530 2488 when
560 2449 613 2487 he
638 2453 751 2488 went
781 2451 872 2489 into
900 2449 1021 2497 exile,
1055 2449 1133 2489 but
1161 2410 1428 2489 afterwards)
1446 2448 1635 2489 restored
1666 2448 1725 2501 by

250 2501 376 2542 order
398 2502 446 2542 of
463 2502 537 2542 the
560 2501 734 2543 Senate.

250 2566 346 2613 560
