1837 3029
592 739 671 789 M.
715 739 940 788 TULLI
983 739 1379 791 CICERONIS

246 823 801 873 EPISTULARUM
828 825 932 874 AD
956 825 1321 885 QUINTUM
1347 826 1725 876 FRATREM

723 978 929 1025 LIBER
961 979 1254 1027 TERTIUS

991 1117 1014 1164 I

652 1259 708 1293 M.
733 1261 908 1291 CICERO
931 1261 969 1292 S.
996 1261 1043 1292 D.
1069 1262 1113 1298 Q.
1140 1262 1324 1293 FRATRI

761 1373 943 1420 Romae,
966 1386 1096 1413 A.u.c.
1120 1376 1215 1414 700.

201 1493 220 1533 1
316 1487 354 1534 I.
391 1487 502 1551 Ego
522 1504 585 1535 ex
610 1491 807 1551 magnis
831 1487 1078 1535 caloribus
1104 1489 1224 1551 (non
1250 1493 1383 1535 enim
1408 1494 1728 1537 meminimus

245 1556 479 1618 maiores)
499 1558 551 1601 in
572 1556 807 1617 Arpinati
828 1573 1023 1602 summa
1045 1573 1157 1602 cum
1181 1560 1492 1603 amoenitate
1513 1557 1728 1604 fluminis

245 1639 326 1668 me
353 1621 506 1668 refeci
531 1621 763 1669 ludorum
789 1623 985 1679 diebus,
1011 1622 1280 1669 Philotimo
1306 1624 1573 1671 tribulibus
1596 1642 1721 1671 com·

245 1689 514 1735 mendatis.
584 1689 643 1735 In
679 1690 879 1736 Arcano
909 1707 952 1735 a.
984 1691 1031 1736 d.
1073 1706 1136 1736 1v.
1170 1691 1289 1736 Idus
1319 1690 1458 1753 Sept.
1489 1689 1577 1737 fui.
1651 1692 1724 1737 Ibi

249 1756 549 1802 Mescidium
574 1774 686 1802 cum
713 1756 1007 1811 Philoxeno,
1027 1775 1331 1820 aquamque,
1350 1775 1501 1820 quam
1524 1762 1556 1804 ii
1579 1759 1728 1805 duce-

246 1823 370 1869 bant
414 1840 513 1869 non
554 1822 703 1885 longe
748 1841 774 1868 a
818 1824 949 1877 villa,
991 1825 1121 1869 belle
1163 1842 1283 1870 sanc
1326 1825 1568 1871 fluentem
1612 1826 1727 1880 vidi,

244 1893 542 1952 praesertim
571 1894 790 1936 maxima
819 1894 1065 1946 siccitate,
1094 1892 1479 1953 uberioremque
1506 1891 1729 1954 aliquan-

244 1964 298 2003 to
316 1974 425 2003 sese
444 1957 740 2003 collecturos
760 1974 867 2003 esse
887 1958 1140 2004 dicebant.
1208 1959 1360 2020 Apud
1380 1959 1572 2004 Herum
1590 1967 1727 2005 recte

245 2031 370 2069 erat.
442 2024 498 2069 In
524 2024 802 2069 Maniliano
821 2025 1005 2071 offendi
1027 2024 1286 2086 Diphilum
1315 2025 1520 2087 Diphilo
1544 2026 1729 2072 tardio-

244 2108 366 2136 rem.
436 2090 534 2137 Sed
565 2099 738 2137 tamen
766 2091 888 2137 nihil
917 2095 963 2138 ei
989 2093 1219 2139 restabat
1245 2100 1449 2154 praeter
1475 2092 1729 2138 balnearia

245 2165 299 2204 et
351 2158 748 2205 ambulationem
801 2166 856 2206 et
906 2162 1164 2205 aviarium.
1232 2158 1361 2205 Villa
1411 2159 1533 2206 mihi
1583 2160 1728 2207 valde

307 2277 326 2297 ⁰
354 2273 446 2314 The
470 2274 695 2316 Fibrenus.

309 2326 325 2351 ⁶
353 2327 447 2368 The
468 2328 586 2368 Ludi
606 2329 810 2376 Romani,
835 2328 934 2369 held
956 2329 1069 2370 from
1093 2329 1167 2370 4th
1190 2334 1235 2370 to
1262 2330 1359 2370 19th
1382 2329 1653 2382 September.

310 2386 325 2405 ⁶
355 2381 415 2422 So
436 2382 531 2422 that
552 2383 606 2423 he
628 2383 769 2434 might
791 2396 939 2423 secure
960 2383 1339 2424 accommodation
1361 2384 1430 2424 for
1449 2384 1569 2425 them
1590 2389 1637 2425 at
1655 2385 1729 2426 the

245 2449 411 2488 games.

307 2489 325 2512 ‘¹
358 2488 579 2541 Probably
604 2494 885 2529 contractors.
1106 2497 1118 2512 ‘
1153 2492 1189 2530 A
1215 2490 1400 2532 steward
1421 2495 1468 2532 at
1488 2492 1728 2534 Arcanum.

304 2543 320 2570 ¹
354 2542 574 2594 Probably
599 2543 671 2584 the
695 2548 830 2584 estate
854 2544 902 2584 of
922 2558 947 2584 a
972 2545 1229 2596 neiglnbour.
1363 2550 1380 2574 ⁶
1412 2545 1484 2586 An
1505 2546 1727 2587 architect.

248 2605 343 2654 546
