1837 3029
820 167 1073 215 CICERO

204 296 453 351 scribam;
500 295 593 342 tibi
625 297 758 342 enim
791 310 954 357 aeque
984 309 1202 356 magnae
1231 310 1382 341 curae
1412 311 1522 342 esse
1551 303 1691 344 certo

203 367 320 410 scio.
388 362 538 420 Quod
578 378 660 408 me
703 365 904 423 propius
946 360 1096 407 vultis
1132 361 1392 416 accedere,
1432 362 1578 410 video
1618 366 1691 410 ita

205 446 314 477 esse
330 429 634 476 faciendum.
703 429 871 474 Etiam
891 435 1010 474 ante
1027 427 1256 474 fecissem
1281 444 1293 483 3
1326 428 1417 475 sed
1431 445 1514 475 me
1531 429 1692 477 multa

203 497 594 559 impediverunt,
625 510 756 558 quae
788 511 852 540 ne
884 511 1015 540 nunc
1046 495 1251 557 quidem
1285 495 1526 557 expedita
1555 503 1688 543 sunt.

204 564 304 611 Sed
329 581 358 609 a
384 563 661 624 Pomponio
687 568 928 623 exspecto
953 561 1166 616 litteras,
1192 578 1316 625 quas
1342 562 1404 608 ad
1431 579 1512 609 me
1538 579 1690 625 quam

203 635 418 693 primum
460 628 788 692 perferendas
829 644 972 675 cures
1015 628 1179 675 velim.
1247 628 1330 675 Da
1368 645 1592 692 operam,
1634 637 1690 676 ut

205 698 386 744 valeas.

899 792 994 839 XX

482 916 538 948 u.
572 916 618 948 T.
655 917 695 947 C.
733 917 770 948 s.
808 917 852 948 P.
889 916 936 947 D.
972 916 1254 947 TERENTlAE
1287 916 1410 948 SUAE

694 1008 930 1055 Venusiae,
952 1022 1083 1049 A.u.c.
1105 1011 1200 1049 707.

264 1106 325 1153 In
357 1103 695 1152 Tusculanum
733 1120 822 1150 nos
858 1110 1095 1150 venturos
1131 1110 1370 1166 putamus
1406 1111 1497 1151 aut
1532 1104 1689 1151 Nonis

201 1181 291 1221 aut
306 1172 564 1236 postridie.
634 1172 710 1217 Ibi
727 1178 784 1217 ut
800 1174 900 1217 sint
917 1174 1083 1216 omnia
1101 1178 1293 1233 parata.
1362 1170 1536 1217 Plures
1553 1175 1687 1218 enim

200 1240 413 1287 fortasse
447 1240 706 1285 nobiscum
740 1245 906 1289 erunt.
941 1245 1011 1291 et,
1045 1246 1101 1284 ut
1135 1238 1366 1294 arbitror,
1398 1238 1588 1285 diutius
1620 1239 1688 1285 ibi

201 1307 636 1354 commorabimur.
705 1304 926 1351 Labrum
963 1308 1002 1351 si
1039 1312 1089 1351 in
1126 1304 1326 1351 balineo
1363 1321 1462 1351 non
1499 1312 1596 1361 est,
1631 1312 1690 1352 ut

200 1379 280 1422 sit.
351 1374 483 1420 Item
517 1380 706 1426 cetera,
740 1388 870 1435 quae
904 1378 1022 1418 sunt
1055 1372 1119 1418 ad
1154 1375 1340 1418 victum
1374 1379 1427 1418 et
1460 1372 1524 1419 ad
1557 1371 1689 1419 vale-

201 1442 431 1489 tudinem
449 1442 745 1486 necessaria.
792 1438 929 1485 Vale.
976 1438 1314 1486 Kal.Octobr.
1333 1439 1397 1486 de
1415 1438 1686 1486 Venusino.

880 1586 1004 1634 XXI

481 1710 537 1743 Μ.
572 1711 618 1743 Τ.
654 1711 697 1743 C.
731 1711 769 1742 S.
806 1711 850 1742 P.
887 1711 935 1743 D.
969 1710 1252 1741 TERENTIAE
1286 1710 1408 1742 SUAE

701 1802 923 1851 Brundisi.
944 1817 1075 1844 Α.υ.ο.
1099 1805 1196 1845 707.

265 1901 315 1948 Si
342 1899 495 1956 vales,
529 1900 661 1946 bene
699 1906 812 1954 est3
861 1898 1019 1945 valeo.
1089 1898 1170 1944 Da
1209 1915 1434 1961 operam,
1474 1906 1532 1946 ut
1571 1916 1686 1946 con-

201 1969 437 2017 valescaS.
505 1966 654 2025 Quod
672 1983 796 2028 opus
817 1969 930 2022 erit,
950 1973 1007 2012 ut
1027 1981 1104 2012 res
1120 1973 1424 2029 tempusque
1445 1967 1687 2028 postulat,

200 2036 464 2100 provideas
496 2041 651 2097 atque
687 2034 1023 2089 administres,
1057 2040 1110 2080 et
1144 2033 1207 2079 ad
1241 2049 1323 2079 me
1357 2033 1421 2080 de
1455 2035 1687 2081 omnibus

199 2105 349 2150 rebus
378 2118 530 2165 quam
559 2104 850 2163 saepissime
878 2100 1075 2147 litteras
1104 2103 1294 2148 mittas,
1363 2099 1502 2147 Vale.

263 2206 281 2224 ⁰
310 2200 416 2240 This
435 2201 469 2239 is
489 2198 678 2238 Cicero's
698 2197 780 2238 last
801 2197 923 2237 letter
943 2202 986 2237 to
1004 2197 1222 2243 Terentia,
1242 2197 1387 2237 whom
1408 2197 1461 2237 he
1479 2197 1686 2238 divorced

204 2253 372 2305 shortly
402 2252 674 2293 afterwards.
735 2252 857 2297 Curt,
888 2251 1052 2297 casual,
1084 2250 1173 2291 and
1206 2250 1524 2291 inconsiderate
1556 2253 1599 2291 in
1633 2254 1687 2292 its

204 2320 462 2357 vagueneSS,
479 2308 512 2346 it
534 2308 567 2346 is
584 2306 759 2357 enough
779 2310 822 2345 to
839 2305 1029 2345 madden
1052 2318 1141 2356 any
1163 2303 1514 2356 self-respecting
1531 2305 1686 2346 house-

205 2364 303 2401 wife
324 2360 413 2401 and
436 2360 617 2400 hostess.
679 2360 741 2399 As
766 2359 894 2409 Long
917 2358 1129 2403 remarks,
1153 2358 1179 2374 ‘⁶
1201 2359 1240 2398 A
1262 2357 1516 2409 gentleman
1541 2358 1685 2399 would

206 2418 325 2455 write
346 2428 371 2454 a
394 2428 513 2454 more
533 2413 632 2454 civil
654 2411 777 2453 letter
797 2417 842 2453 to
864 2413 929 2452 his
951 2411 1297 2464 housekeeper.''

264 2469 279 2492 ⁶
310 2469 402 2508 The
441 2468 610 2508 labrum
647 2467 830 2518 (λούτηρ)
870 2480 958 2506 was
991 2481 1017 2506 a
1055 2466 1175 2517 large
1209 2464 1349 2506 round
1382 2464 1509 2505 basin
1544 2465 1686 2506 raised

202 2523 339 2563 about
375 2523 496 2563 three
531 2523 617 2562 feet
651 2522 766 2561 from
803 2521 877 2561 the
912 2519 1102 2573 ground,
1139 2522 1183 2560 in
1221 2519 1363 2560 which
1398 2518 1472 2559 the
1508 2518 1687 2560 bathers

207 2594 303 2633 220
