1868 3040
228 727 253 764 t&

223 1534 249 1573 3

899 191 1152 238 CICERO

279 320 623 375 mendatione,
644 327 753 366 tum
777 324 930 367 etiam
955 328 1042 367 tua
1064 328 1245 383 sponte
1266 320 1494 367 intellexi
1514 337 1699 384 cupere
1721 325 1765 368 ei

278 403 528 455 societati,
570 402 969 463 quibuscumque
1011 402 1160 447 rebus
1201 417 1390 463 posses,
1431 401 1768 458 commodare,

278 486 470 536 tamen,
501 498 614 527 cum
644 484 696 538 ii,
726 498 938 545 quorum
969 498 1047 527 res
1080 485 1264 544 agitur,
1294 484 1466 545 magni
1495 498 1586 528 sua
1614 485 1768 528 inter-

279 577 389 607 esse
425 561 808 617 arbitrarentur,
842 577 925 607 me
963 565 1118 608 etiam
1154 577 1245 623 per
1280 561 1475 608 litteras
1511 561 1766 608 declarare

276 640 387 696 tibi,
402 657 503 703 qua
522 657 685 688 essem
701 657 824 704 erga
839 644 971 703 ipsos
988 641 1267 696 voluntate,
1284 658 1382 687 non
1399 641 1626 687 dubitavi
1642 641 1766 688 haec

278 721 342 767 ad
373 727 426 767 te
461 721 694 767 scribere.
762 720 888 768 Volo
923 724 1057 766 enim
1089 728 1143 767 te
1181 724 1488 777 existimare,
1519 737 1619 776 me,
1651 738 1764 766 cum

276 803 507 848 universo
553 802 713 848 ordini
759 801 1139 864 publicanorum
1189 817 1390 863 semper
1433 800 1764 848 libentissime

275 882 556 938 tribuerim,
579 882 732 944 idque
758 885 953 946 magnis
980 885 1085 929 eius
1111 883 1295 928 ordinis
1321 897 1443 945 erga
1466 898 1548 928 me
1573 885 1764 929 meritis

275 960 442 1010 facere
483 964 764 1018 debuerim,
800 970 910 1009 tum
950 966 1002 1009 in
1037 966 1208 1025 primis
1251 965 1466 1008 amicum
1504 979 1613 1009 esse
1649 962 1764 1010 huic

274 1042 573 1107 Bithynicae
613 1047 875 1098 societati3
917 1060 1048 1106 quae
1090 1047 1303 1090 societas
1345 1043 1519 1090 ordine
1561 1046 1667 1105 ipso
1710 1050 1764 1090 et

273 1122 533 1171 hominum
561 1140 750 1188 genere
780 1141 894 1186 pars
921 1131 998 1170 est
1022 1127 1243 1170 maxima
1271 1126 1487 1169 civitatis
1511 1137 1523 1178 3
1564 1130 1764 1170 constat

275 1208 409 1251 enim
439 1220 503 1252 ex
531 1207 712 1251 ceteris
741 1204 1067 1250 societatibus
1091 1218 1103 1259 ;
1151 1211 1204 1250 et
1232 1220 1349 1250 casu
1378 1202 1616 1265 permulti
1645 1210 1764 1250 sunt

273 1287 324 1331 in
351 1301 411 1332 ea
434 1288 679 1332 societate
704 1284 849 1331 valde
874 1284 995 1330 mihi
1020 1283 1307 1339 familiares,
1331 1287 1382 1329 in
1405 1286 1680 1346 primisque
1705 1287 1762 1339 is,

272 1369 412 1412 cuius
451 1369 780 1428 praecipuum
819 1366 1033 1412 officium
1075 1368 1242 1427 agitur
1282 1364 1376 1411 hoc
1416 1371 1666 1426 tempore,
1706 1363 1761 1411 P.

274 1446 518 1508 Rupilius,
563 1446 616 1493 P.
664 1446 720 1494 F.
766 1446 1027 1501 Menenia,
1070 1449 1155 1507 qui
1201 1452 1279 1492 est
1322 1448 1565 1508 magister
1606 1447 1658 1490 in
1703 1461 1764 1491 ea

273 1530 533 1573 societate.
602 1526 748 1585 Quae
776 1544 889 1573 cum
917 1530 989 1573 ita
1016 1529 1133 1581 sint,
1151 1529 1202 1571 in
1230 1529 1471 1572 maiorem
1499 1525 1705 1571 modum
1734 1542 1764 1571 a

272 1615 326 1654 te
349 1615 489 1670 peto,
513 1608 602 1654 Cn.
629 1607 862 1669 Pupium,
887 1610 971 1669 qui
997 1614 1075 1653 est
1097 1610 1147 1652 in
1172 1610 1334 1668 operis
1360 1610 1464 1652 eius
1488 1606 1762 1661 societatis,

271 1689 502 1736 omnibus
536 1692 635 1735 tuis
668 1688 836 1735 officiis
870 1695 1025 1750 atque
1060 1691 1194 1733 omni
1227 1687 1532 1733 liberalitate
1565 1696 1761 1740 tueare,

270 1786 534 1832 curesque,
559 1776 617 1815 ut
649 1772 754 1815 eius
786 1785 970 1831 operae
1003 1769 1161 1831 (quod
1191 1769 1284 1814 tibi
1315 1766 1461 1814 facile
1491 1766 1628 1815 factu
1661 1768 1759 1829 est)

271 1866 424 1912 quam
459 1851 776 1913 gratissimae
812 1852 913 1895 sint
949 1852 1109 1904 sociis,
1146 1865 1356 1910 remque
1394 1854 1448 1894 et
1483 1848 1759 1894 utilitatem

269 1934 515 1977 sociorum
558 1929 718 1992 (cuius
761 1931 833 1975 rei
877 1935 1122 1992 quantam
1165 1935 1477 1990 potestatem
1522 1934 1761 1991 quaestor

270 2007 476 2062 habeat,
522 2024 621 2053 non
673 2023 783 2052 sum
837 2006 1060 2069 ignarus)
1108 2022 1196 2067 per
1241 2013 1294 2052 tc
1341 2022 1492 2067 quam
1538 2008 1758 2051 maxime

270 2081 531 2134 defensam
556 2094 608 2134 et
631 2094 829 2133 auctam
854 2087 989 2133 velis.
1060 2086 1118 2131 Id
1140 2102 1252 2131 cum
1276 2085 1395 2130 mihi
1417 2088 1756 2148 gratissimum

331 2312 351 2333 ⁰
379 2307 473 2347 The
510 2306 698 2358 bidding
735 2307 804 2346 for
840 2305 914 2346 the
952 2309 1150 2346 conti-act
1186 2305 1274 2345 and
1315 2305 1387 2345 the
1421 2303 1675 2356 furnishing
1709 2304 1762 2344 of

273 2363 478 2412 security,
504 2366 601 2406 etc.⁹
626 2374 738 2400 were
762 2359 926 2400 carried
959 2364 1036 2400 out
1065 2360 1124 2411 by
1149 2373 1175 2398 a
1199 2373 1399 2410 manceps
1422 2362 1469 2398 at
1498 2358 1653 2404 Rome,
1676 2357 1756 2397 but

274 2415 347 2456 the
372 2418 686 2468 management
708 2427 798 2454 was
821 2414 1046 2453 entrusted
1070 2418 1116 2454 to
1140 2427 1198 2453 an
1221 2411 1434 2463 annually
1457 2410 1621 2452 elected
1644 2409 1757 2452 local

272 2469 460 2509 director
491 2469 751 2519 (maqisler)‚
785 2468 881 2508 who
920 2468 1006 2507 had
1044 2468 1208 2519 charge
1238 2468 1289 2506 of
1319 2466 1394 2507 the
1424 2469 1635 2506 accounts
1664 2463 1754 2505 and

272 2522 659 2574 correspondence.
713 2522 795 2563 See
819 2526 920 2562 note
943 2522 965 2562 b
988 2535 1045 2562 on
1068 2521 1153 2572 Ep.
1168 2515 1242 2562 65.
1272 2525 1307 2562 1.

273 2602 334 2644 38
