1837 3029
798 194 1049 243 CICERO

182 335 278 385 est,
299 333 375 383 ut,
397 332 644 389 quantum
669 325 758 371 tibi
782 339 956 370 omnes
978 323 1095 369 boni
1118 322 1360 377 debeant,
1382 339 1481 385 quo
1502 325 1665 369 minus

180 397 502 445 tantumdem
529 412 624 458 ego
650 411 777 440 unus
801 393 1036 446 debeam,
1062 409 1160 438 non
1184 408 1427 439 recusem.
1478 392 1667 450 Quam—

182 469 355 515 obrem
381 467 473 513 tibi
501 465 647 511 velim
675 463 722 509 hi
748 466 849 509 sint
875 465 1058 516 exitus,
1084 478 1207 524 quos
1233 466 1439 508 mereris
1465 469 1518 509 et
1543 479 1666 525 quos

182 537 288 584 fore
322 536 532 583 confido.
602 534 729 597 Ego,
762 536 801 578 si
837 549 917 578 me
952 534 1207 593 navigatio
1242 549 1339 577 non
1374 533 1669 588 morabitur,

183 623 313 670 quac
349 605 638 652 incurrebat
671 607 721 649 in
756 606 888 665 ipsos
928 602 1140 657 Etesias,
1175 603 1468 664 propediem
1504 610 1577 658 tc,
1612 610 1669 650 ut

182 694 346 740 spero,
370 676 566 722 videbo.

877 866 980 914 XII

341 1020 395 1054 Μ.
431 1020 476 1051 Τ.
513 1020 554 1050 C.
595 1019 699 1049 1311).
737 1017 774 1049 S.
813 1017 856 1048 P.
894 1018 941 1048 D.
979 1018 1019 1048 L.
1057 1017 1240 1048 PAULLO
1275 1018 1372 1049 COS.
1409 1018 1515 1052 DES-

476 1134 594 1173 Intcr
619 1133 816 1172 Iconium
838 1135 879 1171 et
902 1130 1122 1181 Cybistra,
1144 1144 1274 1171 A.u‚c.
1298 1134 1393 1172 703.

144 1259 163 1299 1
254 1251 362 1298 Etsi
396 1249 515 1297 mihi
548 1266 820 1311 numquam
850 1246 947 1293 fuit
976 1248 1202 1302 dubium,
1228 1250 1347 1310 quin
1378 1255 1429 1294 te
1463 1248 1674 1311 populus

192 1321 464 1374 Romanus,
500 1337 588 1381 pro
624 1321 724 1364 tuis
760 1320 966 1364 summis
1002 1320 1052 1362 in
1088 1317 1448 1378 rempublicam
1484 1322 1676 1365 meritis

192 1398 247 1438 et
274 1407 363 1454 pro
392 1389 697 1451 amplissima
723 1386 943 1433 familiae
972 1387 1242 1450 dignitate,
1269 1404 1466 1435 summo
1493 1389 1677 1444 studio,

192 1463 384 1508 cunctis
433 1457 678 1521 suffragiis
726 1457 981 1504 consulem
1031 1456 1255 1504 facturus
1305 1465 1458 1514 esset,
1504 1465 1677 1506 tamen

193 1528 469 1577 incredibili
511 1528 707 1574 laetitia
741 1544 851 1573 sum
889 1527 1115 1583 affectus,
1151 1544 1264 1573 cum
1300 1529 1352 1575 id
1397 1527 1518 1575 mihi
1555 1547 1679 1576 nun-

194 1603 378 1646 tiatum
419 1606 531 1654 est3
589 1613 808 1661 eumque
847 1596 1088 1644 honorem
1128 1598 1220 1644 tibi
1261 1598 1382 1645 deos
1420 1597 1679 1646 fortunare

195 1669 321 1724 volo,
351 1686 380 1715 a
411 1675 567 1732 teque
597 1684 659 1715 ex
693 1674 784 1714 tua
811 1670 1158 1730 maiorumque
1194 1675 1396 1714 tuorum
1429 1669 1679 1733 dignitate

145 1748 170 1787 2
196 1741 547 1787 administrari.
625 1739 798 1800 Atque
842 1740 1038 1783 utinam
1082 1754 1320 1799 praesens
1362 1738 1501 1784 illum
1546 1740 1679 1786 diem

195 1810 315 1856 mihi
363 1811 734 1870 optatissimum
783 1808 953 1854 videre
1001 1811 1296 1869 potuissem,
1342 1825 1534 1871 proque
1582 1813 1682 1856 tuis

196 1879 510 1942 amplissimis
559 1894 678 1941 erga
726 1894 808 1924 me
856 1878 1034 1924 studiis
1083 1885 1238 1940 atque
1286 1879 1542 1926 beneficiis
1589 1881 1680 1926 tibi

195 1965 401 2012 operam
430 1964 597 1994 meam
626 1948 953 2011 studiumque
983 1963 1167 1993 navare
1191 1948 1201 1994 !
1265 1948 1431 2007 Quam
1460 1948 1581 1995 mihi
1612 1949 1683 1997 fa-

195 2019 440 2065 cultatem
487 2021 723 2080 quoniam
775 2016 854 2063 hic
913 2021 1243 2079 necopinatus
1290 2024 1344 2065 et
1389 2021 1683 2082 improvisus

195 2090 477 2151 provinciae
503 2104 644 2134 casus
667 2090 868 2149 eripuit,
894 2095 1085 2142 tamen,
1107 2095 1165 2134 ut
1184 2094 1238 2134 te
1259 2088 1533 2146 consulem,
1556 2107 1683 2137 rem·

195 2158 445 2220 publicam
470 2174 559 2219 pro
585 2165 675 2204 tua
699 2158 950 2221 dignitate
975 2164 1259 2221 gerentem,
1284 2159 1455 2206 videre
1483 2163 1685 2222 possim,

197 2245 380 2291 magno
403 2244 554 2289 opere
580 2244 608 2273 a
630 2235 683 2274 te
707 2234 846 2290 peto,
870 2234 927 2274 ut
951 2244 1155 2290 operam
1185 2229 1274 2274 des
1297 2229 1599 2292 efficiasque,
1622 2248 1684 2277 nc

197 2298 316 2361 quid
343 2297 460 2342 mihi
493 2297 580 2343 fiat
605 2300 832 2353 iniuriae,
859 2314 986 2344 neve
1012 2298 1132 2361 quid
1158 2301 1399 2361 temporis
1424 2300 1488 2346 ad
1516 2316 1685 2348 meum

204 2531 242 2572 L
260 2484 279 2502 ⁰
311 2478 463 2572 Wtinds
491 2478 587 2519 that
615 2478 728 2519 blow
755 2479 871 2520 from
900 2478 974 2520 the
1003 2479 1134 2521 N.W.
1162 2480 1230 2520 sor
1257 2480 1374 2532 forty
1402 2479 1515 2532 days
1541 2481 1584 2520 in
1613 2480 1686 2522 the

243 2546 352 2573 evan
376 2563 386 2574 .

208 2602 303 2644 280
