1868 3040
937 220 1189 268 CICERO

320 349 554 408 primum,
598 356 655 395 ut
698 350 878 404 debeo,
922 351 1013 396 tibi
1057 354 1245 412 gratias
1290 367 1403 413 ago,
1445 367 1559 396 cum
1601 356 1802 396 tantum

319 424 519 470 litterae
546 442 690 472 meae
718 434 1011 487 potuerunt,
1039 435 1111 482 ut,
1138 427 1212 472 his
1237 427 1397 482 lcctis,
1423 443 1625 473 omnem
1650 425 1803 473 offen-

318 505 508 547 sionem
545 507 852 565 suspicionis,
889 520 1041 566 quam
1076 503 1325 550 habueras
1362 505 1425 551 de
1465 503 1682 567 Lysone,
1717 503 1802 550 de-

320 595 530 640 poneres
554 595 564 634 3
602 580 786 627 deinde
805 581 979 627 credas
1000 581 1119 627 mihi
1139 582 1405 627 affirmanti
1425 581 1591 637 velim,
1610 597 1691 626 me
1710 579 1802 626 hoc

320 672 418 701 non
449 673 538 718 pro
571 656 770 720 Lysone
802 662 978 719 magis,
1008 675 1159 721 quam
1191 675 1281 720 pro
1311 659 1540 704 omnibus
1569 658 1802 713 scribere,

321 732 575 779 hominem
617 751 726 780 esse
767 739 1039 790 neminem,
1080 740 1164 798 qui
1206 752 1445 798 umquam
1485 739 1797 782 mentionem

320 813 392 855 tui
427 814 534 856 sine
569 817 659 857 tua
693 828 889 858 summa
923 812 1071 858 laude
1106 811 1299 858 fecerit.
1371 812 1503 875 Lyso
1538 828 1655 858 vero
1688 827 1802 857 cum

318 903 515 932 mecum
558 904 715 950 prope
759 890 985 950 quotidie
1030 897 1164 936 esset
1206 905 1409 952 unaque
1451 893 1661 943 viveret,
1703 905 1802 934 non

317 963 493 1016 solum,
517 968 635 1026 quia
656 982 737 1011 me
760 965 978 1012 libenter
1000 967 1172 1012 audire
1196 966 1553 1021 arbitrabatur,
1574 965 1664 1012 sed
1686 968 1802 1028 quia

318 1040 554 1087 libentius
580 1045 686 1103 ipse
712 1042 1031 1105 loquebatur,
1057 1047 1225 1089 omnia
1248 1043 1369 1089 mihi
1395 1050 1486 1090 tua
1511 1049 1564 1089 et
1588 1042 1723 1089 facta
1748 1049 1799 1088 et

269 1124 293 1162 3
317 1118 452 1164 dicta
483 1118 739 1166 laudabat.
805 1119 1129 1182 Quapropter
1160 1124 1252 1167 etsi
1288 1137 1317 1166 a
1347 1127 1400 1166 te
1432 1123 1505 1167 ita
1532 1126 1797 1176 tractatur,

319 1202 375 1241 ut
434 1199 532 1241 iam
594 1213 693 1242 non
753 1197 1008 1244 desideret
1067 1198 1559 1244 commendationem
1618 1214 1802 1247 meam,

319 1276 530 1335 unisque
572 1289 626 1319 se
668 1274 849 1321 litteris
892 1279 1016 1321 meis
1059 1278 1227 1321 omnia
1268 1282 1594 1321 consecutum
1637 1281 1803 1336 putet,

318 1356 492 1395 tamen
522 1367 551 1396 a
579 1358 632 1397 te
662 1359 783 1413 peto
811 1355 862 1397 in
892 1356 1131 1398 maiorem
1162 1353 1385 1407 modum,
1415 1359 1472 1398 ut
1502 1368 1617 1397 eum
1649 1355 1802 1397 etiam

319 1434 474 1489 atque
509 1431 663 1474 etiam
696 1432 794 1475 tuis
827 1429 994 1475 officiis
1028 1436 1082 1475 et
1113 1429 1417 1475 liberalitate
1450 1428 1801 1490 complectare.

319 1502 599 1550 Scriberem
647 1506 711 1552 ad
746 1513 818 1562 te,
861 1507 1019 1569 qualis
1056 1510 1128 1552 vir
1170 1514 1322 1561 esset,
1370 1513 1426 1552 ut
1467 1506 1803 1567 superioribus

319 1580 499 1627 litteris
527 1581 764 1636 feceram,
793 1586 885 1629 nisi
914 1600 1030 1630 eum
1058 1587 1157 1630 iam
1186 1600 1275 1646 per
1294 1599 1347 1629 se
1374 1586 1537 1645 ipsum
1564 1583 1655 1629 tibi
1684 1586 1803 1629 satis

312 1674 422 1704 esse
446 1666 621 1705 notum
648 1661 931 1708 arbitrarer.

991 1839 1135 1886 XXV

831 1983 1006 2014 CICERO
1040 1984 1214 2014 SERVIO
1247 1983 1285 2016 s.

837 2096 1020 2140 Romae.
1041 2109 1172 2137 A.U.C.
1196 2098 1292 2137 708.

382 2211 728 2275 Hegesaretus
779 2212 1085 2268 Larissaeus,
1133 2215 1328 2275 magnis
1377 2215 1501 2258 meis
1548 2211 1803 2259 beneficiis

317 2296 522 2335 ornatus
565 2293 617 2334 in
659 2289 921 2335 consulatu
966 2306 1097 2345 meo,
1140 2305 1334 2335 memor
1377 2296 1431 2335 et:
1473 2296 1647 2351 gratus
1690 2288 1804 2344 fuit,

313 2382 497 2427 meque
518 2372 695 2427 postea
711 2366 1092 2428 diligentissime
1117 2366 1285 2412 coluit.
1359 2364 1490 2411 Eum
1509 2366 1600 2411 tibi
1621 2381 1806 2428 magno

348 2527 369 2548 ⁰
400 2524 622 2576 Probably
642 2524 716 2565 the
737 2524 849 2565 head
872 2526 922 2601 obf
940 2525 1274 2619 {heqzomptleian
1296 2525 1459 2564 faction
1484 2526 1525 2564 in
1548 2523 1775 2577 Thessaly.

965 2592 991 2618 n
1084 2592 1176 2619 essa
1198 2593 1240 2631 y.

317 2642 378 2692 76
