1837 3029
873 173 1121 220 CICERO

256 315 319 344 no
346 298 540 346 difficile
570 317 666 347 non
694 304 915 364 graviter
942 302 991 348 id
1019 300 1148 348 ferre
1173 317 1184 356 ;
1229 302 1318 349 sed
1345 309 1518 349 tamen
1546 308 1740 349 nostros

256 368 446 413 animos
481 371 711 414 maximis
740 372 789 414 in
819 369 967 414 rebus
998 377 1050 415 et
1078 370 1312 432 gerendis
1348 376 1402 416 et
1437 369 1740 416 sustinendis

258 437 560 480 exercitatos
587 433 749 498 frangi
779 442 832 481 et
859 435 1110 482 debilitari
1137 436 1367 482 molestia
1394 453 1493 483 non
1521 442 1737 498 oportet.

258 499 324 544 Et.
358 504 593 562 quoniam
629 517 689 547 ea
723 501 1071 548 molestissime
1106 501 1236 549 ferre
1271 503 1497 550 homines
1531 504 1740 556 debent,

256 583 386 627 quae
419 570 637 628 ipsorum
670 567 816 630 culpa
848 576 1105 615 contracta
1138 577 1273 625 sunt,
1307 577 1385 616 est
1417 570 1657 632 quiddam
1689 571 1738 614 in

256 631 348 678 hac
372 650 423 678 re
448 634 567 680 mihi
592 634 849 682 molestius
870 635 1154 692 ferendum,
1178 653 1328 699 quam
1352 637 1460 683 tibi.
1529 637 1739 682 Factum

256 706 334 745 est
364 703 496 746 enim
523 717 638 747 mea
664 701 828 764 culpa,
853 711 1025 749 contra
1053 721 1205 766 quam
1230 711 1288 750 tu
1317 720 1515 750 mecum
1545 710 1599 750 et
1628 719 1740 766 pro-

256 765 477 813 ficiscens
514 775 567 814 et
600 785 691 831 per
725 768 919 816 litteras
956 786 1149 833 egeras,
1185 777 1241 816 ut
1275 774 1439 832 priore
1475 786 1606 817 anno
1639 785 1739 815 non

254 834 623 881 succederetur.
692 835 840 893 Quod
873 853 985 900 ego,
1017 838 1135 884 dum
1169 840 1412 884 sociorum
1444 836 1593 883 saluti
1624 852 1738 882 con—

254 899 378 955 sulo,
421 901 541 948 dum
583 904 929 964 impudentiae
973 903 1320 950 nonnullorum
1364 907 1737 967 negotiatorum

254 970 449 1022 resisto,
497 969 617 1015 dum
666 977 887 1016 nostram
935 970 1144 1033 gloriam
1193 978 1283 1017 tua
1330 974 1517 1018 virtute
1565 971 1738 1033 augeri

254 1041 459 1095 expeto,
489 1034 585 1082 feci
617 1053 716 1083 non
748 1040 1020 1099 sapienter,
1051 1041 1349 1100 praesertim
1379 1054 1494 1084 cum
1523 1037 1576 1085 id
1606 1053 1738 1084 com-

252 1104 490 1156 miserim,
531 1110 589 1149 ut
628 1102 710 1149 ille
753 1104 880 1150 alter
921 1122 1080 1152 annus
1122 1108 1277 1151 etiam
1317 1108 1527 1151 tertium
1567 1109 1739 1167 posset

204 1172 229 1213 3
253 1167 518 1215 adducere.
592 1169 740 1228 Quod
795 1175 1031 1234 quoniam
1084 1179 1351 1234 peccatum
1404 1188 1575 1218 meum
1629 1185 1738 1217 esse

252 1235 510 1291 confiteor,
558 1244 634 1283 est
692 1241 970 1299 sapientiae
1030 1246 1184 1301 atque
1241 1238 1571 1285 humanitatis
1616 1244 1736 1284 tuae

251 1317 424 1348 curare
465 1310 517 1349 et
554 1304 812 1365 perficere,
851 1313 908 1352 ut
946 1305 1056 1359 hoc,
1094 1309 1256 1351 minus
1295 1309 1551 1368 sapienter
1589 1321 1617 1350 a
1654 1319 1736 1350 me

251 1372 520 1429 provisum,
559 1370 820 1433 diligentia
859 1379 947 1418 tua
986 1376 1278 1435 corrigatur.
1346 1374 1421 1418 Ac
1460 1375 1498 1419 si
1537 1378 1590 1418 te
1629 1374 1735 1434 ipse

251 1434 600 1483 vehementius
619 1439 682 1484 ad
701 1456 873 1485 omnes
892 1446 1062 1502 partes
1080 1440 1211 1486 bene
1231 1439 1468 1486 audiendi
1487 1441 1736 1492 excitaris,

251 1518 349 1548 non
387 1510 443 1550 ut
477 1521 590 1550 cum
627 1504 750 1560 aliis,
785 1506 874 1552 sed
910 1513 966 1552 ut
1002 1514 1170 1552 tecum
1205 1509 1305 1552 iam
1340 1509 1447 1568 ipse
1481 1511 1662 1561 certes,
1695 1506 1736 1550 si

251 1585 452 1615 omnem
486 1578 626 1617 tuam
660 1580 905 1628 mentem,
938 1590 1125 1628 curam,
1159 1576 1520 1636 cogitationem
1554 1572 1617 1619 ad
1652 1587 1737 1618 ex-

249 1635 518 1684 cellentem
556 1640 786 1686 omnibus
823 1643 873 1685 in
911 1641 1060 1686 rebus
1097 1640 1256 1686 laudis
1294 1640 1626 1702 cupiditatem
1663 1641 1736 1684 in-

251 1705 435 1759 citaris,
472 1704 591 1750 mihi
629 1707 796 1761 crede,
832 1724 959 1753 unus
997 1724 1155 1753 annus
1191 1707 1392 1754 additus
1439 1707 1595 1753 labori
1629 1712 1736 1760 tuo,

249 1769 521 1817 multorum
546 1789 787 1819 annorum
811 1772 1058 1820 laetitiam
1083 1775 1241 1828 nobis,
1263 1777 1417 1820 immo
1440 1790 1556 1819 vero
1581 1775 1734 1818 etiam

202 1842 226 1879 4
250 1841 462 1897 posteris
493 1842 672 1884 nostris
703 1840 894 1886 afferet.
963 1841 1285 1902 Quapropter
1312 1840 1406 1887 hoc
1436 1847 1489 1887 te
1518 1842 1734 1902 primum

250 1919 388 1966 rogo,
432 1921 494 1950 ne
537 1906 802 1952 contrahas
847 1924 903 1953 ac
945 1908 1185 1954 demittas
1229 1911 1469 1962 animum,
1511 1922 1638 1953 neve
1681 1911 1734 1952 te

249 1970 408 2025 obrui,
469 1978 729 2035 tamquam
791 1973 965 2028 fluctu,
1022 1978 1090 2021 sic
1152 1975 1502 2038 magnitudine
1562 1975 1734 2036 negoti

249 2039 398 2093 sinas,
433 2047 708 2103 contraque
746 2045 907 2104 erigas
945 2058 1001 2087 ac
1036 2045 1237 2088 resistas
1273 2045 1376 2088 sive
1413 2044 1567 2088 etiam
1604 2039 1734 2086 ultro

313 2249 332 2268 ⁶
361 2243 454 2284 The
482 2246 588 2286 socii
615 2260 689 2287 are
717 2247 791 2288 the
822 2247 1099 2298 provinciale,
1130 2262 1177 2288 as
1205 2247 1399 2300 opposed
1429 2251 1474 2287 to
1502 2246 1576 2288 the
1607 2247 1732 2293 cives,

257 2296 453 2338 Romans
488 2299 694 2353 dwelling
733 2303 773 2341 in
811 2302 884 2342 the
913 2304 1133 2354 province,
1163 2303 1271 2343 such
1298 2315 1347 2343 as
1379 2301 1609 2354 publicani
1643 2300 1731 2342 and

253 2353 550 2401 neqotiatores.

314 2406 330 2429 ⁶
360 2405 536 2446 Certain
565 2407 772 2455 bank-ers,
794 2409 892 2448 who
921 2414 997 2449 out
1017 2411 1067 2449 of
1089 2411 1256 2461 private
1275 2410 1511 2460 animosity
1537 2407 1731 2460 opposed

254 2458 327 2500 the
366 2463 719 2512 reappointment
765 2464 815 2503 of
853 2463 1061 2513 Quintus,
1108 2463 1326 2516 probably
1374 2463 1591 2504 Paconius
1644 2461 1732 2503 and

252 2512 492 2554 Tuscenius
513 2515 700 2556 referred
721 2520 766 2556 to
788 2518 830 2556 in
854 2521 872 2564 ἓ
898 2520 961 2558 19.

254 2583 349 2629 390
