1837 3029
857 171 1109 218 CICERO

239 296 404 344 sactae
426 306 562 354 sunt,
579 316 702 361 quas
723 306 901 362 postea
925 300 1199 346 Memmius
1218 299 1483 362 patefecit,
1502 307 1560 347 ut
1578 316 1727 346 nemo

238 385 400 432 bonus
427 388 673 433 interesse
707 387 943 434 debuerit
966 402 977 442 ;
1015 394 1068 434 et
1092 387 1239 434 simul
1263 387 1383 433 mihi
1407 391 1728 434 committen-

239 473 360 520 dum
394 491 493 521 non
526 473 640 529 fuit,
674 482 729 521 ut
766 474 840 521 his
872 476 1172 522 coitionibus
1202 479 1520 531 interessem,
1546 476 1727 538 quibus

244 561 482 607 Messalla
499 561 855 609 excluderetur
878 578 890 618 3
922 566 1001 609 cui
1019 564 1225 625 quidem
1241 562 1572 610 vehementer
1584 566 1728 609 satis-

240 648 368 696 facio
404 650 553 696 rebus
588 651 855 706 omnibus3
908 658 966 697 ut
1001 652 1232 707 arbitror,
1268 654 1424 697 etiam
1461 651 1724 697 Memmio.

241 737 468 784 Domitio
494 740 589 801 ipsi
617 738 778 785 multa
806 741 904 784 iam
934 738 1048 794 fec-i,
1077 756 1208 801 quae
1237 738 1411 795 voluit,
1438 755 1672 802 quaeque
1700 755 1729 784 a

238 843 320 873 me
375 830 575 888 petivit.
650 826 891 873 Scaurum
940 827 1186 873 beneficio
1232 826 1538 874 defensionis
1583 826 1729 873 valde

241 911 474 976 obligavi.
542 913 724 960 Adhuc
770 921 880 961 erat
927 915 1070 961 valde
1116 918 1384 970 incertum,
1429 921 1484 961 et
1527 915 1729 978 quando

168 1008 215 1045 17
241 1004 461 1057 comitia,
482 1008 534 1048 et
554 1005 637 1064 qui
658 1001 886 1049 consules
905 1001 1061 1049 futuri
1083 1009 1268 1049 essent.
1337 1002 1465 1049 Cum
1483 1001 1613 1049 hanc
1629 1005 1728 1048 iam

242 1089 512 1151 epistulam
549 1089 919 1152 complicarem,
956 1090 1206 1137 tabellarii
1243 1107 1272 1136 a
1309 1091 1447 1138 vobis
1483 1097 1732 1137 venerunt

246 1194 289 1223 a.
319 1177 366 1224 d.
395 1192 460 1224 x1.
494 1177 605 1223 Kal.
635 1178 749 1225 Oct.
778 1177 1006 1240 Septimo
1033 1181 1268 1225 vicesimo
1294 1178 1392 1225 die.
1460 1178 1506 1226 O
1532 1195 1614 1224 me
1638 1177 1733 1225 sol-

242 1264 467 1312 licitum!
518 1272 767 1328 quantum
799 1282 894 1330 ego
926 1266 1060 1313 dolui
1091 1269 1141 1312 in
1173 1266 1400 1313 Caesaris
1430 1269 1732 1313 suavissimis

242 1352 423 1399 litteris
447 1353 456 1399 i
493 1354 584 1400 sed
601 1371 700 1416 quo
720 1361 865 1400 erant
885 1357 1156 1410 suaviores,
1174 1371 1233 1401 eo
1251 1357 1492 1401 maiorem
1511 1353 1731 1401 dolorem

243 1440 370 1487 illius
396 1440 478 1488 ille
504 1458 646 1488 casus
667 1441 928 1488 afferebat.
997 1442 1098 1489 Sed
1124 1442 1188 1489 ad
1212 1449 1326 1488 tuas
1353 1445 1498 1488 venio
1517 1441 1730 1488 litteras.

243 1528 465 1575 Primum
483 1536 625 1576 tuam
645 1533 1013 1576 remansionem
1035 1533 1189 1576 etiam
1209 1537 1364 1592 atque
1386 1533 1540 1576 etiam
1559 1529 1733 1592 probo,

242 1620 540 1679 praesertim
574 1635 707 1674 cum,
742 1625 800 1664 ut
833 1619 1023 1673 scribis,
1058 1635 1171 1665 cum
1208 1617 1424 1664 Caesare
1458 1619 1733 1664 communi-

241 1708 382 1752 caris.
451 1705 676 1768 Oppium
707 1709 859 1752 miror
891 1707 1169 1769 quidquam
1201 1723 1315 1752 cum
1349 1705 1563 1761 Publio;
1612 1704 1732 1751 mihi

166 1799 216 1838 18
242 1796 375 1840 enim
399 1810 499 1839 non
523 1793 798 1856 placuerat.
869 1794 1017 1852 Quod
1041 1797 1279 1840 interiore
1305 1793 1523 1856 epistula
1545 1794 1734 1848 scribis,

243 1897 324 1928 me
344 1880 471 1928 Idib.
492 1880 632 1944 Sept.
654 1881 895 1944 Pompeio
913 1882 1140 1946 legatum
1159 1885 1234 1937 iri,
1252 1882 1302 1929 id
1321 1898 1416 1945 ego
1434 1898 1533 1928 non
1550 1881 1734 1935 audivi,

240 1972 514 2032 scripsique
555 1970 619 2016 ad
658 1970 946 2026 Caesarem,
986 1986 1151 2033 neque
1192 1969 1466 2016 Vibullium
1506 1969 1733 2016 Caesaris

241 2056 483 2104 mandata
510 2058 574 2105 de
601 2074 717 2105 mea
745 2061 1005 2104 mansione
1035 2059 1098 2104 ad
1127 2057 1423 2120 Pompeium
1449 2055 1733 2120 pertulisse,

241 2161 405 2207 neque
455 2145 693 2208 Oppium.
778 2146 891 2204 Quo
938 2145 1142 2192 consilio
1166 2146 1184 2192 ?
1266 2145 1587 2208 Quamquam
1631 2144 1734 2206 Op-

240 2236 378 2294 pium
418 2249 513 2297 ego
551 2237 713 2289 tenui,
751 2234 886 2297 quod
932 2237 1122 2296 priores
1159 2241 1331 2296 partes
1369 2231 1533 2279 Bibuli
1569 2238 1731 2278 erant.

241 2318 367 2366 Cum
411 2337 471 2367 eo
513 2325 647 2367 enim
689 2339 857 2368 coram
899 2321 1115 2368 Caesare
1163 2328 1358 2384 egerat,
1400 2321 1466 2367 ad
1509 2319 1730 2383 Oppium

489 2468 507 2487 ‘¹
540 2463 690 2503 About
711 2464 783 2503 the
804 2463 1006 2558 dezsshdif
1020 2464 1089 2557 gis
1109 2463 1328 2514 daughter
1347 2461 1483 2503 Julia.

905 2547 915 2557 .
992 2531 1017 2557 o
1053 2530 1133 2558 ius.

248 2580 343 2628 564
