1837 3029
865 135 1114 182 CICERO

249 269 547 332 perlubente
593 266 790 313 Servius
836 265 1001 311 allisus
1047 271 1142 318 est,
1186 267 1342 310 ceteri
1386 266 1729 313 conciduntur.

249 350 303 396 C.
333 350 459 396 Cato
485 350 802 394 contionatus
831 352 924 399 est,
951 347 1153 391 comitia
1179 343 1353 391 haberi
1379 362 1478 391 non
1503 349 1732 403 siturum,

249 433 287 477 si
315 431 406 477 sibi
434 446 546 475 cum
577 426 758 489 populo
786 426 892 472 dies
921 425 1103 489 agendi
1133 431 1302 472 essent
1329 429 1570 488 exempti.
1631 427 1733 490 Ap-

199 518 223 558 7
249 514 358 574 pius
409 526 439 556 a
489 509 703 554 Caesare
756 506 977 553 nondum
1029 506 1263 552 redierat.
1347 505 1478 553 Tuas
1529 507 1732 554 mirifice

249 591 442 637 litteras
481 594 755 650 exspect03
809 593 965 650 atque
1002 585 1165 633 adhue
1201 587 1420 633 clausum
1460 603 1598 634 mare
1635 591 1733 635 scio

247 671 435 724 fuisse3
483 669 570 715 sed
602 667 845 731 quosdam
876 669 1068 713 venisse
1101 674 1273 713 tamen
1305 666 1451 714 Ostia
1480 667 1733 724 dicebant,

249 755 331 815 qui
367 758 416 797 te
448 751 592 796 unice
622 748 905 800 laudarent,
936 747 1237 810 plurimique
1266 749 1318 793 in
1347 750 1599 810 provincia
1629 748 1733 795 fieri

249 833 491 879 dicerent.
558 829 773 875 Eosdem
807 828 1013 874 aiebant
1044 830 1294 883 nuntiare,
1326 834 1379 874 te
1409 831 1570 890 prima
1601 832 1734 876 navi-

248 915 453 976 gatione
491 913 913 957 transmissurum.
987 908 1046 954 Id
1083 911 1263 970 cupi03
1321 915 1390 964 et,
1427 925 1733 972 quamquam

249 996 468 1055 teipsum
502 989 691 1037 scilicet
725 992 961 1040 maxime,
995 995 1167 1035 ’tamen
1204 991 1359 1035 etiam
1393 988 1588 1037 litteras
1621 996 1734 1038 tuas

249 1080 369 1120 ante
395 1078 648 1134 exspecto.
722 1069 796 1115 Mi
822 1069 993 1124 frater,
1020 1068 1143 1116 vale,

969 1264 1015 1312 V

708 1411 901 1443 MARCUS
938 1411 981 1448 Q.
1020 1411 1201 1441 FRATM
1233 1409 1274 1443 s.

764 1525 946 1570 Romae,
969 1536 1100 1564 A.u.c.
1122 1525 1219 1565 698.

203 1654 221 1693 1
314 1645 569 1692 Dederam
608 1642 671 1689 ad
708 1648 761 1688 te
796 1640 992 1687 litteras
1024 1647 1192 1691 antea,
1223 1640 1403 1702 quibus
1441 1647 1551 1687 erat
1586 1643 1734 1704 scrip-

249 1735 375 1781 tum,
411 1723 624 1770 Tulliam
661 1729 883 1768 nostram
926 1720 1208 1782 Crassipedi
1244 1721 1369 1782 prid.
1410 1720 1537 1767 Non.
1576 1721 1731 1783 April.

249 1822 358 1853 esse
391 1805 764 1866 desponsatam,
792 1809 1064 1863 ceteraque
1097 1801 1161 1847 de
1200 1817 1251 1846 re
1284 1800 1484 1863 publica
1519 1804 1734 1864 privata-

249 1903 347 1950 que
387 1887 786 1948 perscripseram.
864 1881 1045 1928 Postea
1083 1888 1201 1927 sunt
1241 1880 1364 1927 haec
1403 1888 1530 1928 acta.
1605 1881 1731 1929 Non.

251 1970 370 2030 Apr.
405 1971 610 2013 senatus
643 1961 869 2010 consulto
907 1961 1142 2024 Pompeio
1173 1964 1387 2024 pecunia
1420 1961 1625 2009 decreta
1658 1969 1736 2011 est

250 2052 298 2094 in
332 2063 437 2094 rem
474 2044 856 2092 frumentariam
893 2042 958 2089 ad
996 2041 1078 2088 HS
1115 2057 1240 2088 ecce.
1306 2040 1406 2089 Sed
1443 2042 1622 2089 eodem
1654 2043 1735 2090 die

251 2127 579 2175 veliementer
600 2132 766 2171 actum
789 2124 853 2170 de
875 2140 995 2186 agro
1016 2121 1274 2185 Campano
1295 2121 1510 2170 clamore
1531 2130 1735 2171 senatus

310 2313 328 2331 ⁰
361 2304 580 2358 Probably
605 2304 781 2345 Servius
804 2303 940 2349 Pola;
972 2302 1028 2355 cs.
1052 2303 1176 2343 Fam.
1198 2303 1284 2342 viii.
1314 2304 1376 2343 12.
1398 2304 1439 2342 2.

312 2360 328 2384 ¹³
359 2360 551 2409 Quintus
583 2372 672 2398 was
706 2372 801 2398 now
835 2356 1066 2409 employed
1101 2359 1144 2397 in
1180 2355 1385 2396 Sardinia
1417 2368 1466 2397 as
1500 2356 1735 2411 Pompey’s

252 2415 418 2465 {effatus
442 2415 481 2453 in
506 2413 578 2452 the
598 2412 826 2452 collection
847 2411 897 2452 of
913 2410 1246 2463 corn-supplies.

313 2474 326 2492 ⁶
360 2468 511 2508 About
531 2467 762 2514 13340‚000.

255 2538 348 2580 502
