1837 3029
863 163 1114 210 CICERO

247 303 327 342 ter
372 295 618 342 latentem
648 312 746 341 non
776 297 1010 341 excitem.
1072 293 1242 339 Etiam
1270 308 1401 338 nunc
1428 291 1587 337 tribus
1616 288 1731 336 locis

244 364 472 421 aedifico,
507 365 698 428 reliqua
733 367 1065 418 reconcinn03
1117 365 1228 409 vivo
1261 361 1428 425 paullo
1461 359 1730 414 liberalius,

246 452 397 498 quam
420 435 641 481 solebam
666 451 677 489 ;
716 451 839 496 opus
861 441 985 481 erat.
1040 433 1090 480 Si
1111 440 1164 480 te
1184 432 1443 488 haberem,
1462 430 1732 495 paullisper

246 504 398 552 fabris
435 505 597 552 locum
634 506 821 552 darem.
893 504 992 551 Sed
1029 512 1082 551 et
1116 502 1242 550 haec
1277 503 1356 566 (ut
1391 503 1557 565 spero)
1592 503 1729 550 brevi

195 579 378 622 4inte1·
419 593 507 622 nos
549 577 1041 623 communicabimus.
1118 574 1217 620 Res
1260 581 1432 621 autem
1475 573 1730 620 Romanae

247 662 356 692 sese
387 649 454 691 sic
484 645 690 693 habent.
755 646 938 693 Consul
970 653 1046 692 est
1077 648 1309 709 egregius
1341 644 1604 700 Lentulus,
1632 660 1730 691 non

245 717 556 779 impediente
580 716 771 780 collega
795 733 806 772 3
846 721 930 773 sic,
952 721 1175 779 inquam,
1196 717 1374 771 bonus,
1395 723 1454 762 ut
1472 714 1730 762 meliorem

245 802 344 832 non
377 787 600 833 viderim.
667 787 788 833 Dies
820 788 1095 834 comitiales
1128 789 1318 833 exemit
1348 803 1536 833 omnes.
1601 782 1730 832 Nam

247 861 401 904 etiam
452 858 665 904 Latinae
714 862 1092 914 instaurantur3
1158 874 1251 904 nec
1299 864 1472 904 tamen
1521 857 1731 904 deerant

195 935 221 974 6
246 927 649 991 supplicationes.
704 928 781 975 Sic
800 928 994 992 legibus
1014 931 1438 991 perniciosissimis
1458 928 1730 984 obsistitur,

245 1003 465 1046 maxime
498 999 738 1054 Catonis3
787 1004 865 1047 cui
897 1007 1070 1047 tamen
1103 1001 1305 1062 egregie
1337 1001 1575 1062 imposuit
1607 997 1731 1045 Milo

246 1077 432 1117 noster.
506 1070 636 1116 Nam
673 1069 754 1116 ille
789 1071 971 1117 vindex
1008 1069 1345 1133 gladiatorum
1385 1076 1438 1116 et
1472 1070 1731 1117 bestiario-

244 1157 354 1187 rum
377 1149 570 1188 emerat
590 1142 653 1188 de
676 1141 915 1188 Cosconio
937 1148 990 1188 et
1010 1141 1285 1203 Pomponio
1305 1142 1568 1188 bestiarios
1591 1155 1602 1195 3
1639 1156 1731 1186 nec

245 1214 351 1258 sine
371 1210 445 1258 his
466 1216 670 1259 armatis
691 1229 931 1275 umquam
950 1215 1001 1257 in
1019 1210 1217 1274 publico
1237 1209 1418 1258 fuerat.
1473 1210 1579 1258 Hos
1599 1209 1730 1257 alere

245 1298 345 1328 non
394 1289 611 1344 poterat.
697 1283 879 1345 Itaque
930 1285 1010 1328 vix
1060 1282 1287 1328 tenebat.
1371 1280 1539 1328 Sensit
1589 1280 1728 1328 Milo.

246 1352 405 1399 Dedit
437 1354 636 1400 cuidam
668 1370 767 1400 non
800 1352 1030 1399 familiari
1062 1356 1341 1416 negotium,
1373 1356 1460 1416 qui
1490 1355 1596 1399 sine
1629 1369 1730 1399 sus-

243 1426 439 1485 picione
469 1430 663 1470 emeret
691 1440 803 1470 eam
830 1421 1071 1469 familiam
1099 1439 1128 1470 a
1154 1421 1348 1469 Catone
1373 1438 1384 1479 ;
1429 1439 1559 1486 quae
1587 1421 1730 1470 simul

245 1500 399 1556 atque
423 1494 642 1540 abducta
664 1501 758 1550 est,
780 1493 1013 1549 Racilius,
1034 1497 1120 1556 qui
1141 1509 1268 1540 unus
1290 1499 1369 1540 est
1387 1492 1482 1540 hoc
1501 1500 1730 1556 tempore

243 1565 474 1610 tribunus
508 1564 686 1626 plebis,
720 1580 827 1611 rem
860 1563 1123 1627 patefecit,
1159 1580 1345 1626 eosque
1378 1562 1605 1611 homines
1638 1565 1730 1611 sibi

244 1642 441 1697 emptos
482 1650 590 1680 esse
629 1635 758 1682 dixit
795 1635 885 1698 (sie
924 1639 1057 1682 enim
1095 1634 1374 1697 placuerat)
1415 1642 1468 1682 et
1505 1634 1730 1682 tabulam

242 1709 548 1768 proscripsit,
572 1720 626 1751 si:
651 1721 897 1752 FAMILIAM
921 1721 1239 1752 εΑΤοΝῙΑΝΑΜ
1263 1721 1611 1753 VENDITURUM.
1670 1706 1730 1752 In

243 1793 355 1822 eam
401 1775 627 1822 tabulam
670 1780 842 1840 magni
884 1780 1009 1823 risus
1053 1773 1507 1840 consequebantur.
1586 1775 1730 1824 Nunc

241 1849 396 1910 igitur
429 1846 675 1893 Catonem
711 1846 956 1893 Lentulus
990 1863 1018 1892 a
1050 1846 1245 1910 legibus
1277 1851 1508 1903 removit,
1542 1854 1596 1895 et
1628 1864 1729 1904 eos,

243 1920 327 1980 qui
356 1917 418 1963 de
448 1916 662 1964 Caesare
690 1924 914 1964 monstra
941 1917 1341 1981 promulgarunt,
1370 1919 1550 1981 quibus
1577 1921 1729 1966 inter-

303 2079 322 2099 ⁰
356 2073 654 2124 Marcellinus,
678 2074 831 2116 consul
851 2075 955 2116 with
982 2075 1178 2116 Marcius
1202 2074 1445 2128 Philippus.
1498 2075 1663 2129 Acting
1682 2077 1726 2116 in

245 2133 434 2176 concert,
467 2131 510 2168 in
541 2128 668 2169 order
698 2133 743 2169 to
772 2133 955 2181 prevent
984 2129 1032 2170 C.
1066 2129 1176 2170 Cato
1205 2129 1294 2169 and
1326 2130 1392 2170 his
1420 2129 1585 2170 friends
1612 2130 1726 2170 from

246 2182 455 2234 bringing
484 2184 527 2222 in
558 2182 655 2223 bills
683 2187 728 2223 to
756 2183 830 2223 the
858 2182 1081 2236 prejudice
1103 2183 1153 2224 of
1178 2182 1391 2224 Lentulus
1413 2183 1621 2234 Spinther
1638 2183 1726 2223 and

248 2236 372 2281 Milo,
394 2237 467 2276 the
486 2241 572 2276 two
591 2235 765 2277 consuls
786 2236 874 2276 had
894 2249 1094 2277 recourse
1112 2241 1158 2277 to
1177 2251 1306 2288 every
1326 2237 1517 2289 possible
1534 2236 1727 2289 political

244 2303 503 2330 manoeuvre
522 2295 566 2330 to
584 2303 716 2330 cause
733 2290 862 2341 delay
882 2292 925 2330 in
942 2291 1017 2331 the
1035 2290 1254 2339 elections,
1273 2304 1352 2342 ay.
1371 2291 1446 2331 the
1462 2290 1725 2339 celebration

244 2344 293 2383 of
311 2344 383 2384 the
407 2343 608 2384 mox-able
628 2343 814 2392 festival,
838 2344 1069 2396 theseriae
1089 2344 1288 2393 Latinae,
1311 2344 1436 2385 when
1459 2345 1563 2396 they
1586 2344 1727 2396 might

239 2396 650 2491 ffissr⁰ass¹<¹1⁵*3.f³0³13{1y
663 2397 1727 2505 2¹13{5³3¹iaffih2²‘⁷}¹1}2²25322}⁷²&effigwffiss

244 2504 464 2546 electioris.

244 2575 338 2623 498
