1868 3040
925 188 1178 236 CICERO

308 339 463 375 muni,
490 321 563 367 his
589 321 767 367 studiis
792 319 1075 365 litterarum
1103 318 1463 379 doctrinaeque
1489 316 1793 378 praeditum,

260 398 282 435 :2
309 390 488 452 quibus
516 405 611 451 ego
639 390 857 432 maxime
884 385 1122 431 delector.
1193 383 1320 430 Peto
1344 387 1500 446 igitur
1525 384 1612 430 abs
1640 391 1711 438 te,
1737 390 1795 430 ut

309 473 442 509 eum,
465 459 568 501 sive
593 455 774 507 aderit,
797 456 898 498 sivo
925 469 1024 498 non
1048 454 1243 497 venerit
1266 454 1315 496 in
1339 449 1573 505 Siciliam,
1595 452 1647 496 in
1669 454 1793 497 meis

306 526 494 569 intimis
519 525 841 582 maximeque
863 521 1152 565 necessariis
1177 521 1301 564 scias
1328 533 1455 572 esse,
1473 520 1647 579 itaque
1666 523 1795 564 trac-

307 598 403 645 tes,
423 597 478 635 ut
498 588 781 651 intellegat,
800 603 965 633 meam
986 587 1079 632 sibi
1098 584 1591 632 commendationem
1609 600 1795 648 magno

305 657 601 704 adiumento
628 654 797 701 fuisse.

635 977 690 1011 M.
726 978 771 1010 Τ.
808 979 848 1008 C.
884 978 922 1008 S.
960 977 1003 1008 P.
1042 977 1088 1007 D.
1125 976 1284 1006 ACILIO
1320 974 1461 1007 PRoc.

787 1090 956 1130 Romae
976 1088 1046 1141 (Ρ),
1067 1101 1199 1129 A.U.c.
1223 1090 1320 1128 709.

258 1220 278 1261 1
369 1210 423 1256 O.
457 1208 643 1263 Flavio,
671 1205 885 1253 honesto
916 1212 969 1252 et
997 1211 1175 1251 ornato
1206 1207 1378 1266 equite
1409 1203 1653 1259 Romano,
1682 1210 1797 1252 utor

308 1277 451 1324 valde
475 1275 802 1322 familiariter.
874 1273 990 1318 Fuit
1013 1275 1146 1318 enim
1169 1275 1345 1335 generi
1367 1274 1484 1326 mei,
1508 1271 1561 1317 C.
1588 1271 1796 1327 Pisonis,

307 1345 725 1407 pernecessarius,
746 1356 931 1402 meque
954 1339 1335 1402 diligentissime
1358 1339 1593 1385 observat
1615 1345 1668 1385 et
1689 1341 1796 1400 ipse

309 1419 362 1458 et
388 1411 444 1457 L.
471 1410 686 1464 Flavius,
710 1407 867 1454 frater
891 1410 1012 1453 eius.
1081 1405 1405 1467 Quapropter
1427 1405 1574 1451 velim
1598 1404 1796 1452 honoris

307 1482 407 1524 mei
432 1493 599 1532 causa,
624 1476 804 1538 quibus
829 1474 978 1520 rebus
1003 1472 1216 1519 honeste
1243 1479 1295 1518 et
1318 1488 1408 1533 pro
1432 1479 1523 1518 tua
1545 1472 1796 1535 dignitate

307 1548 514 1608 poteris,
552 1559 701 1606 quarn
742 1541 1242 1588 honorificentissime
1281 1546 1334 1585 et
1371 1555 1523 1601 quam
1560 1539 1797 1586 liberalis-

309 1616 432 1659 sime
458 1612 511 1658 C.
539 1611 764 1656 Flavium
787 1615 991 1655 tractes.
1063 1607 1121 1653 Id
1144 1605 1264 1652 mihi
1288 1609 1356 1651 sic
1380 1609 1476 1652 erit
1497 1613 1717 1668 gratum,
1742 1613 1797 1653 ut

260 1689 283 1727 2
307 1682 500 1741 gratius
529 1693 638 1723 esse
666 1675 786 1722 nihil
813 1678 985 1737 possit.
1055 1673 1155 1719 Sed
1190 1680 1458 1735 praeterea
1486 1673 1578 1719 tibi
1608 1674 1797 1718 affirmo

309 1748 495 1809 (neque
514 1745 564 1790 id
585 1745 859 1789 ambitione
879 1742 1126 1788 adductus
1145 1739 1290 1795 facio,
1308 1740 1398 1785 sed
1415 1756 1527 1785 cum
1546 1738 1797 1786 familiari-

309 1821 419 1860 tate
457 1819 510 1858 et
546 1810 935 1863 necessitudine,
963 1816 1073 1853 tum
1103 1811 1256 1853 etiam
1286 1807 1541 1869 veritate),
1567 1813 1620 1853 te
1650 1823 1711 1853 ex
1741 1807 1794 1854 C.

309 1881 445 1926 Flavi
481 1879 639 1924 officio
676 1884 729 1923 et
766 1878 1103 1929 observantia,
1141 1882 1193 1920 ct
1229 1881 1496 1935 praeterea
1531 1873 1796 1935 splendore

308 1955 463 2009 atque
504 1949 638 1992 inter
676 1961 789 1989 suos
830 1946 1012 2006 gratia,
1052 1957 1289 2004 magnam
1331 1940 1645 2003 voluptatem
1688 1958 1796 1988 esse

307 2021 590 2077 capturum.
660 2011 799 2056 Vale.

372 2179 390 2196 ‘²
426 2172 489 2211 M.
538 2169 738 2211 Brutus's
776 2168 1024 2221 praefectus
1058 2167 1257 2219 fabrum,
1301 2166 1399 2207 who
1442 2178 1531 2206 was
1575 2164 1710 2206 killed
1752 2169 1799 2206 at

316 2226 522 2278 Philippi.
577 2225 617 2264 It
640 2237 728 2263 was
751 2224 836 2263 this
862 2223 1037 2262 Flavius
1060 2222 1158 2262 who
1180 2220 1416 2273 suggested
1440 2224 1485 2260 to
1508 2220 1682 2260 Atticus
1703 2219 1799 2260 that

315 2281 389 2320 the
405 2280 566 2331 equites
582 2277 740 2318 should
757 2279 867 2317 raise
883 2291 909 2316 a
924 2276 1036 2316 fund
1054 2278 1096 2316 in
1113 2280 1298 2327 support
1321 2276 1371 2315 of
1389 2275 1462 2314 the
1485 2274 1798 2325 tyrannicides‚

313 2334 404 2374 and
426 2335 587 2374 Brutus
606 2331 783 2372 blamed
803 2332 976 2371 Atticus
994 2332 1061 2370 for
1080 2331 1277 2380 refusing
1294 2333 1339 2369 to
1356 2331 1510 2380 accept
1526 2328 1602 2369 the
1617 2341 1800 2381 sugges-

313 2390 420 2429 tion.
482 2388 565 2428 See
584 2387 662 2426 Ad
683 2386 812 2425 Brut.
835 2387 862 2424 i.
890 2388 952 2424 17.
974 2388 1000 2424 3
1022 2384 1110 2424 and
1132 2386 1158 2423 i.
1181 2387 1220 2424 6.
1243 2387 1284 2423 4.

385 2441 403 2465 ³
434 2440 482 2482 C.
507 2442 607 2481 Piso
629 2440 779 2492 Frugi,
800 2438 981 2478 Tullia's
1003 2438 1094 2478 first
1114 2435 1334 2477 husband.

317 2613 379 2663 98
